2482 4102
68 1082 193 1163 epistula
224 1080 357 1142 hnlhimi
392 1082 449 1142 viri
483 989 636 1142 ἰιιΙΙιιιὶεοῑιτΙίἶὓ
655 1076 772 1140 comitis
810 1087 840 1140 et
876 1075 1010 1159 legatarii
1046 1080 1082 1141 ad

67 1171 312 1250 gloriosissimum
335 1168 556 1230 Theudoricum
583 1186 685 1248 regem
707 1167 891 1229 Francorum
918 1167 956 1230 de
979 1168 1081 1230 obser·

66 1261 183 1320 vatione
207 1257 351 1319 ciborum.

132 1433 265 1505 Qualiter
295 1451 400 1494 omnes
427 1432 487 1494 eibi
519 1433 712 1494 comedantur
741 1441 775 1494 ut
800 1433 878 1495 bene
905 1433 1080 1514 digerantur

64 1530 96 1584 et
117 1524 275 1583 sanitatem
296 1529 449 1602 praestare
472 1521 608 1602 debeant,
630 1539 699 1582 nam
717 1540 779 1582 non
801 1523 1003 1583 infirmitatem
1019 1532 1079 1584 sto·
1100 1533 1116 1582 o

64 1610 162 1672 machi
191 1628 247 1671 nec
273 1612 451 1671 anxietatem
481 1609 603 1670 humani
631 1610 743 1690 cordis,
773 1612 919 1671 rationem
942 1610 1079 1671 observa·

64 1701 155 1760 tionis
172 1707 288 1759 vestrae
309 1700 423 1780 pietati,
446 1697 611 1759 secundum
632 1706 791 1778 praecepta
809 1707 966 1759 auctorum
988 1697 1080 1760 medi-

64 1786 213 1867 cinalium,
244 1795 279 1847 ut
299 1789 385 1866 potui
406 1785 490 1847 vohis
513 1804 662 1866 exponere
685 1786 872 1865 profuturam
899 1786 1079 1866 generaliter

63 1876 234 1954 procuravi:
265 1877 405 1953 quoniam
428 1876 523 1954 prima
546 1877 655 1934 sanitas
678 1874 832 1934 hominum
854 1876 884 1935 in
909 1874 984 1935 cibis
1007 1893 1077 1935 oon-

62 1965 147 2042 gruis
169 1971 300 2043 constet,
326 1962 357 2022 id
380 1971 427 2023 est
449 1962 574 2022 sibene
598 1961 722 2022 adhibiti
749 1963 874 2042 luerint,
901 1961 1010 2023 honam
1033 1962 1076 2024 di·
1103 1973 1138 2027 10

61 2053 228 2130 gestionem
241 2053 377 2129 corporis
390 2052 511 2131 faciunt,
534 2052 560 2110 si
575 2058 675 2110 autem
689 2068 749 2110 non
762 2049 839 2110 bene
859 2051 970 2111 luerint
989 2052 1077 2133 cocti,

61 2140 236 2218 gravitatem
268 2138 420 2198 stomacho
451 2147 481 2199 et
504 2141 601 2199 ventri
632 2138 757 2218 laniunt,
790 2140 878 2198 etiam
906 2146 937 2198 et
966 2140 1076 2200 crudos

63 2225 205 2287 humores
228 2234 372 2306 generant
389 2235 420 2287 et
438 2227 554 2287 acedias
577 2225 774 2287 carbunculos
793 2234 824 2286 et
845 2235 950 2287 ructus
973 2245 1077 2306 graves

61 2314 183 2375 iaciunt
206 2314 313 2375 exinde
336 2317 425 2375 etiam
448 2316 547 2375 fumus
570 2317 602 2374 in
625 2316 720 2393 capite
743 2313 886 2394 ascendit,
908 2315 988 2376 unde
1011 2334 1075 2376 soo-

62 2404 209 2462 tomaticis
231 2411 263 2463 et
285 2402 426 2480 caligines
449 2421 553 2481 graves
576 2403 642 2463 fieri
665 2402 769 2464 solent
797 2405 886 2464 etiam
909 2412 940 2464 et
962 2406 1075 2465 ventris
1095 2414 1129 2464 15

60 2489 233 2569 corruptela
255 2509 292 2550 ex
315 2493 378 2570 ipsa
402 2491 546 2570 indigerie
569 2491 635 2568 liet,
664 2500 716 2552 aut
738 2499 820 2552 certe
844 2492 1002 2553 desursum
1024 2511 1081 2572 per

61 2595 97 2638 os
119 2580 247 2639 vomitus
275 2579 321 2660 fit,
350 2580 468 2659 quando
497 2579 669 2640 stomachus
693 2579 775 2640 cibos
799 2579 908 2640 crudos
932 2580 1079 2641 conficere

62 2683 122 2726 non
145 2668 287 2745 potuerit.
311 2670 338 2728 si
360 2676 460 2728 autem
482 2667 559 2728 bene
581 2670 749 2747 praeparati
772 2669 883 2729 luerint
907 2667 975 2748 cibi,
998 2667 1078 2747 dige-

61 2750 122 2813 htio
150 2753 228 2814 bona
251 2763 282 2815 et
308 2754 404 2816 duloIs
427 2756 479 2816 liet
502 2766 531 2817 et
562 2755 703 2816 humores
726 2755 797 2817 honi
819 2759 1002 2817 nutriuntur.
1048 2758 1079 2817 in

62 2840 121 2902 hoc
145 2844 225 2902 enim
252 2845 348 2921 prima
371 2846 481 2904 sanitas
504 2852 628 2905 constat.
661 2847 701 2904 ita
725 2853 755 2905 et
778 2846 830 2923 qui
853 2863 885 2905 se
909 2844 1007 2905 taliter
1031 2863 1079 2904 vo·
1100 2856 1135 2907 20

65 2921 369 3012 luerint'ohserrare,
392 2931 457 2992 aliis
480 2931 726 2993 medicaminibus
750 2950 810 2992 non
833 2931 1016 3011 indigebunt

134 3017 271 3078 similiter
290 3027 321 3079 et
343 3020 379 3080 de
401 3029 476 3100 potu
498 3029 615 3081 tantum
634 3028 752 3099 oportet
774 3019 915 3081 adhihere
939 3029 1083 3099 quantum

64 3121 137 3164 cum
160 3104 235 3166 cibis
258 3107 427 3168 concordat.
451 3116 585 3169 ceterum
608 3109 634 3168 si
656 3107 724 3186 plus
747 3117 972 3186 praesumptum
992 3109 1085 3168 luerit

64 3200 99 3252 et
115 3196 242 3254 maxime
265 3196 414 3277 frigidum,
438 3195 608 3257 stomachus
626 3198 690 3275 ipse
709 3195 898 3275 infrigidatus
912 3196 986 3256 nihil
1000 3214 1083 3276 prae-

68 3279 154 3341 valet.
178 3282 258 3343 unde
277 3286 366 3344 etiam
380 3283 550 3363 corruptela
568 3286 701 3345 nascitur
721 3291 751 3344 et
772 3282 820 3344 illa
844 3304 920 3363 quae
944 3287 1083 3365 superins
1101 3295 1136 3344 25

59 3367 199 3430 diximus.
223 3389 317 3432 unum
341 3380 439 3432 tamen
465 3371 636 3451 exemplum
660 3374 861 3451 suggerimus:
884 3373 1032 3451 qraomodo
1051 3375 1082 3432 in
