2482 4102
490 195 683 258 ..9-

80 361 167 420 cuius
209 405 216 419 .
255 406 261 418 .
300 405 306 418 .
337 405 343 418 .
384 357 550 436 longiorem
588 358 675 417 vitam
717 365 747 417 ct
787 357 978 435 praecipuam
1019 358 1094 416 sani·

79 455 180 509 tatem.

145 535 301 594 Rationem
325 553 396 613 ergo
419 535 606 594 diversorum
621 531 756 592 ciborum
779 531 1027 610 quemadmodum
1050 534 1094 592 uti

79 622 208 685 debeant
220 622 384 683 secundum
398 630 557 702 praecepta
570 621 756 681 diversorum
770 629 936 701 auctorum,
949 628 983 681 ut
996 627 1095 699 potest

46 719 63 772 1
83 711 255 773 intellectus
278 720 381 771 noster
403 710 527 790 habere,
549 711 744 787 suggerimus,
791 710 821 768 in
844 711 948 787 primis
970 719 1131 787 panemo

79 799 207 861 nitidum
225 798 303 859 hene
326 799 537 860 fermentatum
550 807 580 858 et
594 815 653 857 non
672 799 798 856 azimum
817 796 868 857 sed
888 795 963 856 benc
978 805 1097 858 coctum

81 886 298 948 comedendum
326 897 356 947 et
385 886 436 949 ubi
464 887 548 947 locus
575 887 667 945 iuerit
690 884 811 946 cottidie
835 884 994 964 calentem,
1026 887 1094 962 quia

80 975 155 1036 tales
185 993 277 1054 panes
307 975 414 1036 melius
445 975 629 1053 digeruntur.
662 991 729 1033 nam
753 975 777 1032 si
801 991 861 1032 non
884 972 960 1033 benc
983 972 1095 1032 levatus

80 1063 181 1141 fuerit,
203 1065 275 1123 satis
299 1072 399 1141 gravat
423 1063 616 1124 stomachum.

27 1157 90 1226 (ῆι
151 1149 194 1211 De
219 1149 390 1212 carnibus
414 1169 483 1211 vcro
507 1152 635 1219 vaccinis
659 1152 806 1229 vaporatis
829 1150 914 1210 iactis
937 1157 968 1209 et
994 1151 1025 1209 in
1048 1167 1094 1210 so·
1115 1159 1149 1210 ιο

81 1237 168 1316 dioga
191 1241 284 1299 coctis
308 1240 460 1300 utendum.
506 1241 595 1300 etiam
619 1247 649 1299 et
672 1241 703 1298 in
724 1237 857 1320 iuscelio,
881 1248 913 1299 nt
936 1240 1020 1317 prius
1045 1256 1093 1297 ex·

79 1325 230 1387 bromatas
249 1345 308 1388 una
329 1327 407 1388 unda
431 1329 539 1406 mittas,
563 1333 592 1386 et
616 1329 659 1387 sic
682 1329 713 1386 in
736 1327 828 1387 nitida
851 1344 927 1404 aqua
950 1335 1094 1404 quantum

79 1416 155 1475 ratio
178 1417 276 1493 poscit
299 1423 465 1494 coquantur
485 1423 518 1474 ut
540 1433 600 1474 non
623 1414 748 1476 addatur
767 1433 851 1494 aqua,
874 1423 904 1474 et
923 1433 992 1474 cnm
1010 1422 1095 1474 cocta

78 1502 172 1564 fuerit
195 1520 278 1584 caro,
309 1505 341 1562 in
370 1521 439 1564 vaso
470 1505 564 1563 mittis
593 1512 710 1563 acetum
739 1504 917 1563 acerrimum
950 1510 1094 1580 quantum

79 1590 208 1651 mediam
230 1590 378 1670 buculam,
402 1599 431 1651 et
453 1593 547 1651 mittis
570 1593 666 1669 capita
688 1608 847 1670 porrorum
870 1600 901 1650 et
923 1590 1015 1669 puleii
1033 1608 1094 1649 mo·
1115 1601 1148 1651 1⁶

79 1677 194 1759 dicum,
227 1681 286 1758 apii
322 1680 436 1739 radices
476 1678 521 1738 vel
556 1679 691 1759 feniculi,
723 1687 753 1739 et
786 1688 931 1756 coquatur
964 1680 995 1737 in
1035 1695 1094 1738 una

79 1765 166 1846 hora,
194 1775 225 1827 et
248 1768 291 1826 sic
315 1767 398 1826 addis
421 1767 480 1829 mei
503 1776 647 1845 quantum
669 1768 857 1828 medietatem
881 1767 918 1827 dc
942 1772 1025 1826 aceto
1048 1765 1095 1827 vei

80 1865 212 1936 (quam)
226 1857 293 1932 quis
308 1854 496 1916 dulcedinem
509 1854 619 1916 hahere
634 1855 769 1916 voluerit.
787 1855 874 1914 etsie
889 1871 999 1931 coquas
1014 1853 1094 1914 lento

80 1942 147 2002 ioco
171 1942 308 2021 agitando
338 1945 432 2021 ipsam
456 1943 544 2003 ollam
573 1945 747 2020 frequenter
774 1941 923 2022 manibus,
954 1950 988 2002 ut
1017 1940 1093 2002 bene

79 2031 128 2091 ius
152 2049 221 2091 cum
244 2049 333 2091 carne
356 2033 420 2110 ipsa
443 2039 635 2111 temperetur.
660 2033 755 2091 etsie
778 2031 851 2091 teris
874 2031 985 2108 piperis
1004 2041 1147 2107 granato

80 2131 113 2199 L,
136 2127 254 2179 costum
286 2127 316 2178 et
339 2122 450 2198 spicam
474 2119 559 2179 nardi
589 2136 644 2197 per
666 2118 781 2197 singula
811 2127 955 2196 quantum
984 2117 1094 2178 medie·

79 2214 173 2267 tatem
196 2206 292 2287 solidi,
315 2215 346 2266 et
369 2207 491 2268 cariofili
515 2214 658 2287 quantum
681 2215 787 2285 pensat
811 2207 957 2265 tremissis
980 2220 1000 2264 1.
1038 2207 1094 2266 ista

80 2295 179 2354 omnia
198 2295 287 2355 simul
310 2296 380 2355 trita
403 2293 479 2357 benc
502 2298 533 2358 in
553 2297 694 2355 mortario
717 2294 809 2373 fictili,
832 2292 930 2353 addito
944 2295 1012 2353 vino
1032 2311 1093 2353 mo·

78 2381 146 2443 dico
171 2391 292 2444 etcum
324 2381 401 2443 bene
429 2382 601 2444 tribulatum
630 2383 735 2463 fuerit,
768 2384 861 2443 mittis
893 2383 925 2440 in
952 2380 1039 2441 ollam
1063 2389 1094 2441 et

79 2472 173 2548 agitas
196 2469 287 2551 bene,
319 2473 359 2530 ita
382 2478 416 2532 ut
438 2480 596 2549 antequam
620 2470 740 2532 tollatur
767 2472 803 2530 de
831 2470 910 2548 ioco,
943 2469 1092 2530 modicum
1110 2480 1146 2532 25

79 2560 189 2619 sentiat
207 2566 238 2618 et
257 2561 389 2620 remittat
411 2561 442 2618 in
466 2561 513 2620 ius
528 2562 667 2621 virtutem
691 2577 783 2620 suam.
807 2558 858 2619 ubi
882 2566 980 2618 tamen
1003 2558 1094 2619 inerit

77 2645 138 2705 mol
161 2654 213 2706 aut
236 2664 304 2725 sapa
329 2647 374 2707 vel
397 2664 567 2726 caroenum,
590 2665 683 2708 unum
707 2647 742 2708 de
766 2648 839 2725 ipsis
858 2648 936 2707 sicut
954 2647 1093 2724 superius

78 2735 252 2796 continetur
275 2737 424 2815 mittatur,
452 2743 482 2794 et
505 2737 536 2795 in
559 2734 694 2796 buculari
717 2753 777 2795 non
800 2742 960 2814 coquatur,
987 2733 1093 2794 sedin

78 2820 136 2881 olla
159 2821 256 2883 fictili:
280 2822 433 2883 meliorem
456 2841 592 2901 saporem
615 2825 693 2884 iacit

41 2916 61 2974 4
145 2912 318 2971 vervecinae
342 2928 412 2971 vero
436 2928 541 2971 carnes
564 2919 595 2971 et
616 2915 643 2971 si
666 2912 840 2990 frequenter
863 2917 984 2969 utantur
1007 2918 1092 2987 aptae
1111 2922 1147 2973 ³0

77 3006 161 3078 sunt,
185 3006 217 3059 et
239 2999 270 3057 in
292 2999 416 3058 iusceHo
440 2999 580 3080 simplici,
608 3007 639 3058 et
662 3001 692 3059 in
716 3008 848 3060 assatura
871 3005 905 3057 ut
928 2996 1053 3074 delonge
1076 3015 1093 3057 a

77 3084 144 3146 ioco
168 3095 344 3164 coquantur.
391 3105 459 3147 nam
482 3088 509 3146 si
530 3089 663 3165 proxima
694 3088 785 3147 tuerit
808 3087 888 3164 ioco,
915 3084 1000 3144 ardet
1022 3102 1091 3145 caro

77 3172 189 3233 deforis
218 3183 248 3233 et
280 3175 398 3235 deintus
431 3175 549 3235 devenit
577 3175 668 3235 cruda
696 3182 726 3234 et
757 3176 856 3253 potius
884 3180 972 3232 nocet
1003 3190 1093 3250 quam

75 3261 166 3321 iuvat.
204 3260 256 3321 sed
279 3269 314 3321 nt
336 3261 397 3323 dixi
420 3261 544 3340 delonge
568 3270 598 3322 et
622 3264 742 3324 diutius
784 3259 931 3341 quomodo
955 3269 1092 3339 vaporata

75 3350 120 3409 sic
153 3349 305 3429 deveniat,
338 3358 367 3410 et
404 3350 480 3410 sales
513 3368 581 3410 cum
613 3353 682 3411 vino
714 3353 799 3411 mixti
832 3348 948 3428 quando
976 3357 1092 3410 assatur
1110 3365 1145 3415 35

75 3454 145 3497 cum
169 3439 260 3516 pinna
284 3436 495 3499 diffundantur.
