<?xml version="1.0" encoding="UTF-8"?>
<!DOCTYPE html PUBLIC "-//W3C//DTD XHTML 1.0 Transitional//EN"
    "http://www.w3.org/TR/xhtml1/DTD/xhtml1-transitional.dtd">
<html xmlns="http://www.w3.org/1999/xhtml" xml:lang="en" lang="en">
 <head>
  <title>
</title>
<meta http-equiv="Content-Type" content="text/html;charset=utf-8" />
  <meta name='ocr-system' content='tesseract 3.04.00' />
  <meta name='ocr-capabilities' content='ocr_page ocr_carea ocr_par ocr_line ocrx_word'/>
</head>
<body>
  <div class='ocr_page' id='page_1' title='image "anthimideobserv00anthgoog_0021.png"; bbox 0 0 2482 4102; ppageno 0'>
   <div class='ocr_carea' id='block_1_1' title="bbox 548 181 766 246">
    <p class='ocr_par' dir='ltr' id='par_1_1' title="bbox 548 181 766 246">
     <span class='ocr_line' id='line_1_1' title="bbox 548 181 766 246; baseline 0.009 -19"><span class='ocrx_word' id='word_1_1' title='bbox 548 181 766 246; x_wconf 69' lang='lat'><strong>„12-</strong></span> 
     </span>
    </p>
   </div>
   <div class='ocr_carea' id='block_1_2' title="bbox 98 343 1217 3511">
    <p class='ocr_par' dir='ltr' id='par_1_2' title="bbox 150 343 1217 584">
     <span class='ocr_line' id='line_1_2' title="bbox 216 343 1217 425; baseline -0.005 -19"><span class='ocrx_word' id='word_1_2' title='bbox 216 347 315 408; x_wconf 89' lang='lat' dir='ltr'><strong>Renes</strong></span> <span class='ocrx_word' id='word_1_3' title='bbox 338 344 374 406; x_wconf 90' lang='lat' dir='ltr'><strong>de</strong></span> <span class='ocrx_word' id='word_1_4' title='bbox 397 363 489 425; x_wconf 92' lang='lat' dir='ltr'><strong>porco</strong></span> <span class='ocrx_word' id='word_1_5' title='bbox 511 346 631 424; x_wconf 90' lang='lat' dir='ltr'><strong>penitus</strong></span> <span class='ocrx_word' id='word_1_6' title='bbox 655 361 714 403; x_wconf 91' lang='lat' dir='ltr'><strong>non</strong></span> <span class='ocrx_word' id='word_1_7' title='bbox 744 343 863 422; x_wconf 81' lang='lat' dir='ltr'><strong>expedit</strong></span> <span class='ocrx_word' id='word_1_8' title='bbox 886 344 1078 425; x_wconf 86' lang='lat' dir='ltr'><strong>manducare,</strong></span> <span class='ocrx_word' id='word_1_9' title='bbox 1101 347 1163 405; x_wconf 92' lang='lat' dir='ltr'><strong>nisi</strong></span> <span class='ocrx_word' id='word_1_10' title='bbox 1180 346 1217 402; x_wconf 81' lang='lat' dir='ltr'><strong>lo</strong></span> 
     </span>
     <span class='ocr_line' id='line_1_3' title="bbox 150 431 1162 514; baseline -0.002 -18"><span class='ocrx_word' id='word_1_11' title='bbox 150 436 242 496; x_wconf 92' lang='lat' dir='ltr'><strong>latera</strong></span> <span class='ocrx_word' id='word_1_12' title='bbox 265 437 408 514; x_wconf 89' lang='lat' dir='ltr'><strong>ipsorum,</strong></span> <span class='ocrx_word' id='word_1_13' title='bbox 432 436 501 512; x_wconf 85' lang='lat' dir='ltr'><strong>quia</strong></span> <span class='ocrx_word' id='word_1_14' title='bbox 519 436 583 513; x_wconf 90' lang='lat' dir='ltr'><strong>ipsa</strong></span> <span class='ocrx_word' id='word_1_15' title='bbox 598 441 668 494; x_wconf 90' lang='lat' dir='ltr'><strong>suut</strong></span> <span class='ocrx_word' id='word_1_16' title='bbox 682 450 813 511; x_wconf 83' lang='lat' dir='ltr'><strong>congrua</strong></span> <span class='ocrx_word' id='word_1_17' title='bbox 833 439 862 492; x_wconf 93' lang='lat' dir='ltr'><strong>et</strong></span> <span class='ocrx_word' id='word_1_18' title='bbox 881 431 956 492; x_wconf 88' lang='lat' dir='ltr'><strong>bene</strong></span> <span class='ocrx_word' id='word_1_19' title='bbox 977 432 1162 511; x_wconf 85' lang='lat' dir='ltr'><strong>digeruntur.</strong></span> 
     </span>
     <span class='ocr_line' id='line_1_4' title="bbox 151 521 891 584; baseline -0.005 0"><span class='ocrx_word' id='word_1_20' title='bbox 151 542 219 584; x_wconf 91' lang='lat' dir='ltr'><strong>nam</strong></span> <span class='ocrx_word' id='word_1_21' title='bbox 241 541 329 584; x_wconf 89' lang='lat' dir='ltr'><strong>renes</strong></span> <span class='ocrx_word' id='word_1_22' title='bbox 352 523 390 584; x_wconf 91' lang='lat' dir='ltr'><strong>de</strong></span> <span class='ocrx_word' id='word_1_23' title='bbox 413 522 494 583; x_wconf 91' lang='lat' dir='ltr'><strong>nullo</strong></span> <span class='ocrx_word' id='word_1_24' title='bbox 518 521 642 583; x_wconf 88' lang='lat' dir='ltr'><strong>animale</strong></span> <span class='ocrx_word' id='word_1_25' title='bbox 666 521 891 583; x_wconf 82' lang='lat' dir='ltr'><strong>manducentur.</strong></span> 
     </span>
    </p>

    <p class='ocr_par' dir='ltr' id='par_1_3' title="bbox 117 609 1214 786">
     <span class='ocr_line' id='line_1_5' title="bbox 218 609 1214 674; baseline -0.009 0"><span class='ocrx_word' id='word_1_26' title='bbox 218 613 254 674; x_wconf 92' lang='lat' dir='ltr'><strong>de</strong></span> <span class='ocrx_word' id='word_1_27' title='bbox 278 619 381 672; x_wconf 90' lang='lat' dir='ltr'><strong>ventre</strong></span> <span class='ocrx_word' id='word_1_28' title='bbox 405 629 475 672; x_wconf 88' lang='lat' dir='ltr'><strong>vero</strong></span> <span class='ocrx_word' id='word_1_29' title='bbox 494 611 577 671; x_wconf 85' lang='lat' dir='ltr'><strong>bovis</strong></span> <span class='ocrx_word' id='word_1_30' title='bbox 592 610 637 670; x_wconf 88' lang='lat' dir='ltr'><strong>rel</strong></span> <span class='ocrx_word' id='word_1_31' title='bbox 651 612 783 670; x_wconf 80' lang='lat' dir='ltr'><strong>vervecis</strong></span> <span class='ocrx_word' id='word_1_32' title='bbox 802 618 940 671; x_wconf 81' lang='lat' dir='ltr'><strong>auctores</strong></span> <span class='ocrx_word' id='word_1_33' title='bbox 958 609 1064 670; x_wconf 91' lang='lat' dir='ltr'><strong>iubent</strong></span> <span class='ocrx_word' id='word_1_34' title='bbox 1082 627 1162 669; x_wconf 89' lang='lat' dir='ltr'><strong>man·</strong></span> <span class='ocrx_word' id='word_1_35' title='bbox 1178 610 1214 666; x_wconf 77' lang='grc'><strong>11</strong></span> 
     </span>
     <span class='ocr_line' id='line_1_6' title="bbox 117 698 1164 786; baseline -0.003 -24"><span class='ocrx_word' id='word_1_36' title='bbox 117 702 271 783; x_wconf 74' lang='grc'><strong>11113313,</strong></span> <span class='ocrx_word' id='word_1_37' title='bbox 293 708 412 779; x_wconf 87' lang='grc'><strong>3133131</strong></span> <span class='ocrx_word' id='word_1_38' title='bbox 434 699 484 759; x_wconf 92' lang='grc'><strong>1113</strong></span> <span class='ocrx_word' id='word_1_39' title='bbox 507 717 582 777; x_wconf 90' lang='lat' dir='ltr'><strong>quae</strong></span> <span class='ocrx_word' id='word_1_40' title='bbox 606 708 677 759; x_wconf 90' lang='lat' dir='ltr'><strong>sunt</strong></span> <span class='ocrx_word' id='word_1_41' title='bbox 699 700 802 777; x_wconf 90' lang='lat' dir='ltr'><strong>spissa.</strong></span> <span class='ocrx_word' id='word_1_42' title='bbox 836 698 888 759; x_wconf 90' lang='lat' dir='ltr'><strong>sed</strong></span> <span class='ocrx_word' id='word_1_43' title='bbox 909 699 994 779; x_wconf 81' lang='lat' dir='ltr'><strong>elixa,</strong></span> <span class='ocrx_word' id='word_1_44' title='bbox 1017 716 1084 758; x_wconf 92' lang='lat' dir='ltr'><strong>nam</strong></span> <span class='ocrx_word' id='word_1_45' title='bbox 1103 716 1164 786; x_wconf 85' lang='lat' dir='ltr'><strong>non</strong></span> 
     </span>
    </p>

    <p class='ocr_par' dir='ltr' id='par_1_4' title="bbox 104 808 1217 1222">
     <span class='ocr_line' id='line_1_7' title="bbox 152 808 606 851; baseline 0 0"><span class='ocrx_word' id='word_1_46' title='bbox 152 808 225 851; x_wconf 84' lang='grc'><strong>3333.</strong></span> <span class='ocrx_word' id='word_1_47' title='bbox 602 820 606 825; x_wconf 94' lang='grc'>-</span> 
     </span>
     <span class='ocr_line' id='line_1_8' title="bbox 218 878 1217 960; baseline -0.001 -23"><span class='ocrx_word' id='word_1_48' title='bbox 218 879 303 939; x_wconf 83' lang='lat' dir='ltr'><strong>vulva</strong></span> <span class='ocrx_word' id='word_1_49' title='bbox 325 881 448 958; x_wconf 89' lang='lat' dir='ltr'><strong>porcina</strong></span> <span class='ocrx_word' id='word_1_50' title='bbox 471 880 588 958; x_wconf 87' lang='lat' dir='ltr'><strong>etipsa</strong></span> <span class='ocrx_word' id='word_1_51' title='bbox 611 881 721 958; x_wconf 90' lang='lat' dir='ltr'><strong>optima</strong></span> <span class='ocrx_word' id='word_1_52' title='bbox 745 889 800 960; x_wconf 91' lang='grc'><strong>331,</strong></span> <span class='ocrx_word' id='word_1_53' title='bbox 823 878 875 939; x_wconf 91' lang='lat' dir='ltr'><strong>sed</strong></span> <span class='ocrx_word' id='word_1_54' title='bbox 899 879 981 939; x_wconf 82' lang='lat' dir='ltr'><strong>elixa.</strong></span> <span class='ocrx_word' id='word_1_55' title='bbox 1180 878 1217 936; x_wconf 82' lang='grc'><strong>18</strong></span> 
     </span>
     <span class='ocr_line' id='line_1_9' title="bbox 219 966 1216 1046; baseline 0.006 -20"><span class='ocrx_word' id='word_1_56' title='bbox 219 985 324 1028; x_wconf 90' lang='lat' dir='ltr'><strong>sumen</strong></span> <span class='ocrx_word' id='word_1_57' title='bbox 353 970 510 1046; x_wconf 91' lang='lat' dir='ltr'><strong>porcinum</strong></span> <span class='ocrx_word' id='word_1_58' title='bbox 540 968 680 1046; x_wconf 90' lang='lat' dir='ltr'><strong>etipsud</strong></span> <span class='ocrx_word' id='word_1_59' title='bbox 713 966 824 1027; x_wconf 91' lang='lat' dir='ltr'><strong>bonum</strong></span> <span class='ocrx_word' id='word_1_60' title='bbox 856 976 902 1028; x_wconf 92' lang='grc'><strong>331</strong></span> <span class='ocrx_word' id='word_1_61' title='bbox 932 977 963 1027; x_wconf 89' lang='grc'><strong>31</strong></span> <span class='ocrx_word' id='word_1_62' title='bbox 994 968 1103 1028; x_wconf 85' lang='lat' dir='ltr'><strong>frixum</strong></span> <span class='ocrx_word' id='word_1_63' title='bbox 1136 976 1216 1033; x_wconf 79' lang='grc'><strong>3111</strong></span> 
     </span>
     <span class='ocr_line' id='line_1_10' title="bbox 152 1054 271 1115; baseline 0 0"><span class='ocrx_word' id='word_1_64' title='bbox 152 1054 271 1115; x_wconf 84' lang='lat' dir='ltr'><strong>elixum.</strong></span> 
     </span>
     <span class='ocr_line' id='line_1_11' title="bbox 104 1142 1217 1222; baseline -0.002 -20"><span class='ocrx_word' id='word_1_65' title='bbox 104 1154 137 1204; x_wconf 91' lang='lat'><strong>10</strong></span> <span class='ocrx_word' id='word_1_66' title='bbox 223 1144 259 1203; x_wconf 89' lang='lat' dir='ltr'><strong>de</strong></span> <span class='ocrx_word' id='word_1_67' title='bbox 282 1161 370 1203; x_wconf 83' lang='lat' dir='ltr'><strong>vacca</strong></span> <span class='ocrx_word' id='word_1_68' title='bbox 393 1152 495 1204; x_wconf 88' lang='lat' dir='ltr'><strong>tenera</strong></span> <span class='ocrx_word' id='word_1_69' title='bbox 518 1151 623 1203; x_wconf 88' lang='lat' dir='ltr'><strong>venter</strong></span> <span class='ocrx_word' id='word_1_70' title='bbox 645 1142 740 1204; x_wconf 87' lang='lat' dir='ltr'><strong>elixus</strong></span> <span class='ocrx_word' id='word_1_71' title='bbox 764 1161 914 1222; x_wconf 87' lang='lat' dir='ltr'><strong>congruus</strong></span> <span class='ocrx_word' id='word_1_72' title='bbox 941 1152 994 1204; x_wconf 90' lang='grc'><strong>331.</strong></span> <span class='ocrx_word' id='word_1_73' title='bbox 1040 1142 1167 1205; x_wconf 87' lang='lat' dir='ltr'><strong>laridum</strong></span> <span class='ocrx_word' id='word_1_74' title='bbox 1180 1144 1217 1200; x_wconf 86' lang='grc'><strong>21)</strong></span> 
     </span>
    </p>

    <p class='ocr_par' dir='ltr' id='par_1_5' title="bbox 155 1231 1167 1310">
     <span class='ocr_line' id='line_1_12' title="bbox 155 1231 1167 1310; baseline 0.002 -20"><span class='ocrx_word' id='word_1_75' title='bbox 155 1249 226 1291; x_wconf 91' lang='grc'><strong>1313</strong></span> <span class='ocrx_word' id='word_1_76' title='bbox 248 1233 280 1290; x_wconf 91' lang='lat' dir='ltr'><strong>iu</strong></span> <span class='ocrx_word' id='word_1_77' title='bbox 304 1231 418 1299; x_wconf 84' lang='lat' dir='ltr'><strong>[artalia</strong></span> <span class='ocrx_word' id='word_1_78' title='bbox 441 1234 564 1292; x_wconf 88' lang='lat' dir='ltr'><strong>missum</strong></span> <span class='ocrx_word' id='word_1_79' title='bbox 592 1231 744 1292; x_wconf 85' lang='lat' dir='ltr'><strong>interdum</strong></span> <span class='ocrx_word' id='word_1_80' title='bbox 772 1233 971 1310; x_wconf 81' lang='lat' dir='ltr'><strong>permittimus</strong></span> <span class='ocrx_word' id='word_1_81' title='bbox 1001 1232 1167 1293; x_wconf 85' lang='lat' dir='ltr'><strong>comedere.</strong></span> 
     </span>
    </p>

    <p class='ocr_par' dir='ltr' id='par_1_6' title="bbox 153 1319 1216 1577">
     <span class='ocr_line' id='line_1_13' title="bbox 222 1319 1216 1398; baseline 0.004 -18"><span class='ocrx_word' id='word_1_82' title='bbox 222 1319 258 1380; x_wconf 89' lang='lat' dir='ltr'><strong>de</strong></span> <span class='ocrx_word' id='word_1_83' title='bbox 281 1319 368 1380; x_wconf 88' lang='lat' dir='ltr'><strong>ficato</strong></span> <span class='ocrx_word' id='word_1_84' title='bbox 390 1322 514 1398; x_wconf 92' lang='lat' dir='ltr'><strong>porcino</strong></span> <span class='ocrx_word' id='word_1_85' title='bbox 537 1320 613 1379; x_wconf 80' lang='lat' dir='ltr'><strong>frixo</strong></span> <span class='ocrx_word' id='word_1_86' title='bbox 636 1321 756 1398; x_wconf 91' lang='lat' dir='ltr'><strong>penitus</strong></span> <span class='ocrx_word' id='word_1_87' title='bbox 780 1337 838 1378; x_wconf 93' lang='lat' dir='ltr'><strong>non</strong></span> <span class='ocrx_word' id='word_1_88' title='bbox 862 1320 980 1398; x_wconf 81' lang='lat' dir='ltr'><strong>expedit</strong></span> <span class='ocrx_word' id='word_1_89' title='bbox 1003 1337 1058 1380; x_wconf 87' lang='lat' dir='ltr'><strong>nec</strong></span> <span class='ocrx_word' id='word_1_90' title='bbox 1084 1322 1216 1384; x_wconf 84' lang='grc'><strong>33111321</strong></span> 
     </span>
     <span class='ocr_line' id='line_1_14' title="bbox 153 1407 1167 1487; baseline 0.002 -21"><span class='ocrx_word' id='word_1_91' title='bbox 153 1425 209 1467; x_wconf 90' lang='lat' dir='ltr'><strong>nec</strong></span> <span class='ocrx_word' id='word_1_92' title='bbox 232 1407 366 1469; x_wconf 79' lang='lat' dir='ltr'><strong>infirmis,</strong></span> <span class='ocrx_word' id='word_1_93' title='bbox 390 1409 453 1468; x_wconf 88' lang='lat' dir='ltr'><strong>sani</strong></span> <span class='ocrx_word' id='word_1_94' title='bbox 476 1416 575 1468; x_wconf 87' lang='lat' dir='ltr'><strong>tamen</strong></span> <span class='ocrx_word' id='word_1_95' title='bbox 590 1409 616 1467; x_wconf 92' lang='lat' dir='ltr'><strong>si</strong></span> <span class='ocrx_word' id='word_1_96' title='bbox 629 1407 790 1487; x_wconf 89' lang='lat' dir='ltr'><strong>voluerint,</strong></span> <span class='ocrx_word' id='word_1_97' title='bbox 813 1409 856 1467; x_wconf 90' lang='lat' dir='ltr'><strong>sic</strong></span> <span class='ocrx_word' id='word_1_98' title='bbox 879 1407 1067 1468; x_wconf 91' lang='lat' dir='ltr'><strong>manducent.</strong></span> <span class='ocrx_word' id='word_1_99' title='bbox 1093 1409 1167 1469; x_wconf 89' lang='lat' dir='ltr'><strong>inci·</strong></span> 
     </span>
     <span class='ocr_line' id='line_1_15' title="bbox 154 1493 1166 1577; baseline 0.002 -23"><span class='ocrx_word' id='word_1_100' title='bbox 154 1513 220 1555; x_wconf 91' lang='lat' dir='ltr'><strong>sum</strong></span> <span class='ocrx_word' id='word_1_101' title='bbox 243 1493 320 1555; x_wconf 90' lang='lat' dir='ltr'><strong>bene</strong></span> <span class='ocrx_word' id='word_1_102' title='bbox 344 1498 375 1555; x_wconf 93' lang='lat' dir='ltr'><strong>in</strong></span> <span class='ocrx_word' id='word_1_103' title='bbox 399 1495 541 1556; x_wconf 91' lang='lat' dir='ltr'><strong>craticula</strong></span> <span class='ocrx_word' id='word_1_104' title='bbox 560 1496 657 1555; x_wconf 90' lang='grc'><strong>131133</strong></span> <span class='ocrx_word' id='word_1_105' title='bbox 680 1513 755 1573; x_wconf 91' lang='lat' dir='ltr'><strong>quae</strong></span> <span class='ocrx_word' id='word_1_106' title='bbox 779 1494 869 1555; x_wconf 89' lang='lat' dir='ltr'><strong>habet</strong></span> <span class='ocrx_word' id='word_1_107' title='bbox 891 1495 964 1555; x_wconf 91' lang='lat' dir='ltr'><strong>latas</strong></span> <span class='ocrx_word' id='word_1_108' title='bbox 982 1498 1088 1577; x_wconf 84' lang='lat' dir='ltr'><strong>virgas,</strong></span> <span class='ocrx_word' id='word_1_109' title='bbox 1112 1514 1166 1556; x_wconf 92' lang='lat' dir='ltr'><strong>un·</strong></span> 
     </span>
    </p>

    <p class='ocr_par' dir='ltr' id='par_1_7' title="bbox 103 1583 1168 1838">
     <span class='ocr_line' id='line_1_16' title="bbox 103 1583 1168 1663; baseline 0.001 -20"><span class='ocrx_word' id='word_1_110' title='bbox 103 1593 135 1643; x_wconf 76' lang='grc'><strong>15</strong></span> <span class='ocrx_word' id='word_1_111' title='bbox 155 1592 263 1661; x_wconf 81' lang='lat' dir='ltr'><strong>guatur</strong></span> <span class='ocrx_word' id='word_1_112' title='bbox 285 1592 336 1644; x_wconf 92' lang='lat' dir='ltr'><strong>aut</strong></span> <span class='ocrx_word' id='word_1_113' title='bbox 359 1583 395 1643; x_wconf 91' lang='lat' dir='ltr'><strong>de</strong></span> <span class='ocrx_word' id='word_1_114' title='bbox 426 1583 491 1644; x_wconf 92' lang='lat' dir='ltr'><strong>oleo</strong></span> <span class='ocrx_word' id='word_1_115' title='bbox 521 1592 572 1644; x_wconf 89' lang='lat' dir='ltr'><strong>aut</strong></span> <span class='ocrx_word' id='word_1_116' title='bbox 604 1583 640 1644; x_wconf 90' lang='lat' dir='ltr'><strong>de</strong></span> <span class='ocrx_word' id='word_1_117' title='bbox 671 1592 776 1663; x_wconf 86' lang='lat' dir='ltr'><strong>uncto,</strong></span> <span class='ocrx_word' id='word_1_118' title='bbox 806 1592 837 1643; x_wconf 92' lang='lat' dir='ltr'><strong>et</strong></span> <span class='ocrx_word' id='word_1_119' title='bbox 871 1586 913 1644; x_wconf 92' lang='lat' dir='ltr'><strong>sic</strong></span> <span class='ocrx_word' id='word_1_120' title='bbox 948 1585 979 1643; x_wconf 93' lang='lat' dir='ltr'><strong>in</strong></span> <span class='ocrx_word' id='word_1_121' title='bbox 1008 1583 1168 1644; x_wconf 89' lang='lat' dir='ltr'><strong>subtilibus</strong></span> 
     </span>
     <span class='ocr_line' id='line_1_17' title="bbox 154 1670 1166 1750; baseline 0.001 -19"><span class='ocrx_word' id='word_1_122' title='bbox 154 1670 333 1732; x_wconf 90' lang='lat' dir='ltr'><strong>carbonibus</strong></span> <span class='ocrx_word' id='word_1_123' title='bbox 356 1678 473 1732; x_wconf 88' lang='lat' dir='ltr'><strong>assetur</strong></span> <span class='ocrx_word' id='word_1_124' title='bbox 495 1673 537 1732; x_wconf 88' lang='lat' dir='ltr'><strong>ita</strong></span> <span class='ocrx_word' id='word_1_125' title='bbox 560 1680 595 1731; x_wconf 92' lang='lat' dir='ltr'><strong>ut</strong></span> <span class='ocrx_word' id='word_1_126' title='bbox 617 1671 807 1732; x_wconf 90' lang='lat' dir='ltr'><strong>crudastrum</strong></span> <span class='ocrx_word' id='word_1_127' title='bbox 831 1673 878 1750; x_wconf 88' lang='lat' dir='ltr'><strong>sit,</strong></span> <span class='ocrx_word' id='word_1_128' title='bbox 901 1679 933 1731; x_wconf 89' lang='lat' dir='ltr'><strong>et</strong></span> <span class='ocrx_word' id='word_1_129' title='bbox 950 1671 1049 1731; x_wconf 88' lang='lat' dir='ltr'><strong>calens</strong></span> <span class='ocrx_word' id='word_1_130' title='bbox 1066 1674 1166 1750; x_wconf 89' lang='lat' dir='ltr'><strong>ipsum</strong></span> 
     </span>
     <span class='ocr_line' id='line_1_18' title="bbox 152 1758 1167 1838; baseline 0.001 -19"><span class='ocrx_word' id='word_1_131' title='bbox 152 1759 334 1820; x_wconf 84' lang='lat' dir='ltr'><strong>manducent</strong></span> <span class='ocrx_word' id='word_1_132' title='bbox 352 1777 422 1819; x_wconf 91' lang='lat' dir='ltr'><strong>cum</strong></span> <span class='ocrx_word' id='word_1_133' title='bbox 440 1758 505 1819; x_wconf 90' lang='grc'><strong>3133</strong></span> <span class='ocrx_word' id='word_1_134' title='bbox 520 1768 551 1820; x_wconf 94' lang='grc'><strong>31</strong></span> <span class='ocrx_word' id='word_1_135' title='bbox 565 1759 625 1819; x_wconf 89' lang='grc'><strong>3313</strong></span> <span class='ocrx_word' id='word_1_136' title='bbox 641 1767 672 1819; x_wconf 92' lang='grc'><strong>31</strong></span> <span class='ocrx_word' id='word_1_137' title='bbox 686 1759 843 1820; x_wconf 87' lang='lat' dir='ltr'><strong>coriandro</strong></span> <span class='ocrx_word' id='word_1_138' title='bbox 863 1761 1008 1820; x_wconf 90' lang='lat' dir='ltr'><strong>minutato</strong></span> <span class='ocrx_word' id='word_1_139' title='bbox 1028 1759 1167 1838; x_wconf 81' lang='lat' dir='ltr'><strong>desuper.</strong></span> 
     </span>
    </p>

    <p class='ocr_par' dir='ltr' id='par_1_8' title="bbox 155 1845 1216 2016">
     <span class='ocr_line' id='line_1_19' title="bbox 220 1845 1216 1929; baseline 0.005 -23"><span class='ocrx_word' id='word_1_140' title='bbox 220 1846 262 1907; x_wconf 79' lang='lat' dir='ltr'><strong>be</strong></span> <span class='ocrx_word' id='word_1_141' title='bbox 285 1845 416 1907; x_wconf 90' lang='lat' dir='ltr'><strong>avibus</strong></span> <span class='ocrx_word' id='word_1_142' title='bbox 438 1865 518 1928; x_wconf 91' lang='grc'><strong>1313,</strong></span> <span class='ocrx_word' id='word_1_143' title='bbox 540 1847 598 1907; x_wconf 90' lang='lat' dir='ltr'><strong>boc</strong></span> <span class='ocrx_word' id='word_1_144' title='bbox 622 1855 668 1907; x_wconf 91' lang='grc'><strong>331</strong></span> <span class='ocrx_word' id='word_1_145' title='bbox 690 1847 810 1908; x_wconf 80' lang='lat' dir='ltr'><strong>fasianis</strong></span> <span class='ocrx_word' id='word_1_146' title='bbox 833 1849 926 1926; x_wconf 89' lang='lat' dir='ltr'><strong>pastis</strong></span> <span class='ocrx_word' id='word_1_147' title='bbox 949 1855 980 1908; x_wconf 93' lang='grc'><strong>31</strong></span> <span class='ocrx_word' id='word_1_148' title='bbox 1002 1847 1167 1929; x_wconf 82' lang='lat' dir='ltr'><strong>anseribus,</strong></span> <span class='ocrx_word' id='word_1_149' title='bbox 1181 1854 1216 1911; x_wconf 88' lang='grc'><strong>22</strong></span> 
     </span>
     <span class='ocr_line' id='line_1_20' title="bbox 155 1934 1168 2016; baseline 0.001 -21"><span class='ocrx_word' id='word_1_150' title='bbox 155 1936 225 2012; x_wconf 91' lang='lat' dir='ltr'><strong>quia</strong></span> <span class='ocrx_word' id='word_1_151' title='bbox 241 1942 415 2016; x_wconf 84' lang='lat' dir='ltr'><strong>pascuntur,</strong></span> <span class='ocrx_word' id='word_1_152' title='bbox 438 1943 543 2013; x_wconf 90' lang='lat' dir='ltr'><strong>pectus</strong></span> <span class='ocrx_word' id='word_1_153' title='bbox 562 1934 682 1996; x_wconf 91' lang='lat' dir='ltr'><strong>illorum</strong></span> <span class='ocrx_word' id='word_1_154' title='bbox 700 1953 866 2016; x_wconf 83' lang='lat' dir='ltr'><strong>congruum</strong></span> <span class='ocrx_word' id='word_1_155' title='bbox 884 1945 931 1995; x_wconf 91' lang='lat' dir='ltr'><strong>est</strong></span> <span class='ocrx_word' id='word_1_156' title='bbox 949 1944 1074 2016; x_wconf 83' lang='lat' dir='ltr'><strong>tantum,</strong></span> <span class='ocrx_word' id='word_1_157' title='bbox 1097 1938 1168 2014; x_wconf 88' lang='lat' dir='ltr'><strong>quia</strong></span> 
     </span>
    </p>

    <p class='ocr_par' dir='ltr' id='par_1_9' title="bbox 101 2022 1168 2278">
     <span class='ocr_line' id='line_1_21' title="bbox 101 2022 1168 2103; baseline 0 -20"><span class='ocrx_word' id='word_1_158' title='bbox 101 2033 276 2095; x_wconf 82' lang='grc'><strong>2033111313</strong></span> <span class='ocrx_word' id='word_1_159' title='bbox 300 2022 395 2083; x_wconf 90' lang='lat' dir='ltr'><strong>albam</strong></span> <span class='ocrx_word' id='word_1_160' title='bbox 417 2023 514 2083; x_wconf 91' lang='lat' dir='ltr'><strong>babet.</strong></span> <span class='ocrx_word' id='word_1_161' title='bbox 555 2025 620 2103; x_wconf 91' lang='lat' dir='ltr'><strong>ipsa</strong></span> <span class='ocrx_word' id='word_1_162' title='bbox 639 2026 731 2103; x_wconf 84' lang='lat' dir='ltr'><strong>magis</strong></span> <span class='ocrx_word' id='word_1_163' title='bbox 750 2024 877 2103; x_wconf 83' lang='lat' dir='ltr'><strong>expedit.</strong></span> <span class='ocrx_word' id='word_1_164' title='bbox 910 2041 977 2083; x_wconf 90' lang='lat' dir='ltr'><strong>nam</strong></span> <span class='ocrx_word' id='word_1_165' title='bbox 1000 2025 1168 2102; x_wconf 90' lang='lat' dir='ltr'><strong>posteriora</strong></span> 
     </span>
     <span class='ocr_line' id='line_1_22' title="bbox 155 2110 1168 2193; baseline 0.002 -23"><span class='ocrx_word' id='word_1_166' title='bbox 155 2112 289 2189; x_wconf 90' lang='lat' dir='ltr'><strong>ipsorum</strong></span> <span class='ocrx_word' id='word_1_167' title='bbox 313 2130 373 2171; x_wconf 90' lang='lat' dir='ltr'><strong>non</strong></span> <span class='ocrx_word' id='word_1_168' title='bbox 396 2119 633 2192; x_wconf 88' lang='lat' dir='ltr'><strong>praesumantur,</strong></span> <span class='ocrx_word' id='word_1_169' title='bbox 656 2114 725 2190; x_wconf 88' lang='lat' dir='ltr'><strong>quia</strong></span> <span class='ocrx_word' id='word_1_170' title='bbox 743 2121 865 2190; x_wconf 80' lang='lat' dir='ltr'><strong>gravant</strong></span> <span class='ocrx_word' id='word_1_171' title='bbox 883 2110 1077 2193; x_wconf 84' lang='lat' dir='ltr'><strong>stomachum,</strong></span> <span class='ocrx_word' id='word_1_172' title='bbox 1098 2114 1168 2191; x_wconf 89' lang='lat' dir='ltr'><strong>quia</strong></span> 
     </span>
     <span class='ocr_line' id='line_1_23' title="bbox 156 2199 866 2278; baseline 0.003 -20"><span class='ocrx_word' id='word_1_173' title='bbox 156 2216 217 2258; x_wconf 91' lang='lat' dir='ltr'><strong>non</strong></span> <span class='ocrx_word' id='word_1_174' title='bbox 240 2208 286 2260; x_wconf 91' lang='lat' dir='ltr'><strong>ost</strong></span> <span class='ocrx_word' id='word_1_175' title='bbox 308 2199 356 2259; x_wconf 89' lang='grc'><strong>1113</strong></span> <span class='ocrx_word' id='word_1_176' title='bbox 379 2201 479 2278; x_wconf 86' lang='lat' dir='ltr'><strong>sagina</strong></span> <span class='ocrx_word' id='word_1_177' title='bbox 503 2200 645 2260; x_wconf 87' lang='lat' dir='ltr'><strong>naturalis</strong></span> <span class='ocrx_word' id='word_1_178' title='bbox 668 2199 721 2260; x_wconf 90' lang='lat' dir='ltr'><strong>sed</strong></span> <span class='ocrx_word' id='word_1_179' title='bbox 745 2200 866 2260; x_wconf 86' lang='lat' dir='ltr'><strong>adiecta.</strong></span> 
     </span>
    </p>

    <p class='ocr_par' dir='ltr' id='par_1_10' title="bbox 160 2286 1217 2454">
     <span class='ocr_line' id='line_1_24' title="bbox 222 2286 1217 2367; baseline 0.006 -21"><span class='ocrx_word' id='word_1_180' title='bbox 222 2287 345 2365; x_wconf 81' lang='lat' dir='ltr'><strong>gallinae</strong></span> <span class='ocrx_word' id='word_1_181' title='bbox 370 2287 416 2347; x_wconf 92' lang='grc'><strong>131</strong></span> <span class='ocrx_word' id='word_1_182' title='bbox 437 2286 512 2366; x_wconf 93' lang='lat' dir='ltr'><strong>pulli</strong></span> <span class='ocrx_word' id='word_1_183' title='bbox 534 2290 721 2367; x_wconf 81' lang='lat' dir='ltr'><strong>pinguiores,</strong></span> <span class='ocrx_word' id='word_1_184' title='bbox 750 2290 802 2366; x_wconf 90' lang='lat' dir='ltr'><strong>qui</strong></span> <span class='ocrx_word' id='word_1_185' title='bbox 820 2305 880 2347; x_wconf 90' lang='lat' dir='ltr'><strong>non</strong></span> <span class='ocrx_word' id='word_1_186' title='bbox 908 2295 1007 2347; x_wconf 89' lang='lat' dir='ltr'><strong>tamen</strong></span> <span class='ocrx_word' id='word_1_187' title='bbox 1031 2289 1166 2365; x_wconf 83' lang='lat' dir='ltr'><strong>saginan-</strong></span> <span class='ocrx_word' id='word_1_188' title='bbox 1180 2294 1217 2352; x_wconf 74' lang='lat'><strong>28</strong></span> 
     </span>
     <span class='ocr_line' id='line_1_25' title="bbox 160 2374 1169 2454; baseline 0.003 -21"><span class='ocrx_word' id='word_1_189' title='bbox 160 2383 225 2454; x_wconf 84' lang='lat' dir='ltr'><strong>tur,</strong></span> <span class='ocrx_word' id='word_1_190' title='bbox 258 2377 383 2453; x_wconf 84' lang='lat' dir='ltr'><strong>congrui</strong></span> <span class='ocrx_word' id='word_1_191' title='bbox 410 2383 481 2435; x_wconf 90' lang='lat' dir='ltr'><strong>sunt</strong></span> <span class='ocrx_word' id='word_1_192' title='bbox 504 2377 543 2435; x_wconf 91' lang='lat' dir='ltr'><strong>ita</strong></span> <span class='ocrx_word' id='word_1_193' title='bbox 571 2383 605 2435; x_wconf 93' lang='lat' dir='ltr'><strong>ut</strong></span> <span class='ocrx_word' id='word_1_194' title='bbox 631 2374 757 2434; x_wconf 89' lang='lat' dir='ltr'><strong>hiberno</strong></span> <span class='ocrx_word' id='word_1_195' title='bbox 784 2383 918 2453; x_wconf 91' lang='lat' dir='ltr'><strong>tempore</strong></span> <span class='ocrx_word' id='word_1_196' title='bbox 948 2383 1016 2435; x_wconf 91' lang='lat' dir='ltr'><strong>ante</strong></span> <span class='ocrx_word' id='word_1_197' title='bbox 1043 2374 1169 2436; x_wconf 89' lang='lat' dir='ltr'><strong>biduum</strong></span> 
     </span>
    </p>

    <p class='ocr_par' dir='ltr' id='par_1_11' title="bbox 98 2462 1168 3511">
     <span class='ocr_line' id='line_1_26' title="bbox 104 2462 1168 2543; baseline 0.002 -21"><span class='ocrx_word' id='word_1_198' title='bbox 104 2472 138 2522; x_wconf 77' lang='lat'><strong>25</strong></span> <span class='ocrx_word' id='word_1_199' title='bbox 159 2462 349 2543; x_wconf 84' lang='lat' dir='ltr'><strong>occidantur,</strong></span> <span class='ocrx_word' id='word_1_200' title='bbox 377 2481 444 2522; x_wconf 92' lang='lat' dir='ltr'><strong>nam</strong></span> <span class='ocrx_word' id='word_1_201' title='bbox 469 2464 587 2522; x_wconf 86' lang='lat' dir='ltr'><strong>aestivis</strong></span> <span class='ocrx_word' id='word_1_202' title='bbox 611 2462 716 2522; x_wconf 87' lang='lat' dir='ltr'><strong>diebus</strong></span> <span class='ocrx_word' id='word_1_203' title='bbox 739 2471 807 2523; x_wconf 93' lang='lat' dir='ltr'><strong>ante</strong></span> <span class='ocrx_word' id='word_1_204' title='bbox 831 2481 928 2523; x_wconf 88' lang='lat' dir='ltr'><strong>seram</strong></span> <span class='ocrx_word' id='word_1_205' title='bbox 951 2471 1075 2523; x_wconf 86' lang='lat' dir='ltr'><strong>tantum.</strong></span> <span class='ocrx_word' id='word_1_206' title='bbox 1117 2465 1168 2542; x_wconf 89' lang='lat' dir='ltr'><strong>qui</strong></span> 
     </span>
     <span class='ocr_line' id='line_1_27' title="bbox 158 2549 1168 2631; baseline 0.002 -22"><span class='ocrx_word' id='word_1_207' title='bbox 158 2552 281 2629; x_wconf 88' lang='lat' dir='ltr'><strong>capriati</strong></span> <span class='ocrx_word' id='word_1_208' title='bbox 303 2551 373 2611; x_wconf 89' lang='lat' dir='ltr'><strong>lacti</strong></span> <span class='ocrx_word' id='word_1_209' title='bbox 395 2549 502 2611; x_wconf 89' lang='lat' dir='ltr'><strong>melius</strong></span> <span class='ocrx_word' id='word_1_210' title='bbox 525 2550 732 2631; x_wconf 85' lang='lat' dir='ltr'><strong>comeduntur,</strong></span> <span class='ocrx_word' id='word_1_211' title='bbox 754 2554 880 2611; x_wconf 87' lang='lat' dir='ltr'><strong>maxime</strong></span> <span class='ocrx_word' id='word_1_212' title='bbox 894 2558 1016 2629; x_wconf 87' lang='lat' dir='ltr'><strong>pectora</strong></span> <span class='ocrx_word' id='word_1_213' title='bbox 1033 2553 1168 2630; x_wconf 89' lang='lat' dir='ltr'><strong>ipsorum</strong></span> 
     </span>
     <span class='ocr_line' id='line_1_28' title="bbox 158 2637 1167 2718; baseline 0.001 -20"><span class='ocrx_word' id='word_1_214' title='bbox 158 2646 188 2698; x_wconf 91' lang='lat' dir='ltr'><strong>et</strong></span> <span class='ocrx_word' id='word_1_215' title='bbox 210 2637 349 2717; x_wconf 82' lang='lat' dir='ltr'><strong>ascellae,</strong></span> <span class='ocrx_word' id='word_1_216' title='bbox 373 2640 441 2716; x_wconf 90' lang='lat' dir='ltr'><strong>quia</strong></span> <span class='ocrx_word' id='word_1_217' title='bbox 464 2640 520 2698; x_wconf 89' lang='lat' dir='ltr'><strong>ista</strong></span> <span class='ocrx_word' id='word_1_218' title='bbox 544 2638 682 2699; x_wconf 88' lang='lat' dir='ltr'><strong>meliores</strong></span> <span class='ocrx_word' id='word_1_219' title='bbox 705 2640 846 2700; x_wconf 90' lang='lat' dir='ltr'><strong>humores</strong></span> <span class='ocrx_word' id='word_1_220' title='bbox 869 2647 900 2700; x_wconf 88' lang='lat' dir='ltr'><strong>et</strong></span> <span class='ocrx_word' id='word_1_221' title='bbox 923 2640 1098 2718; x_wconf 85' lang='lat' dir='ltr'><strong>sanguinem</strong></span> <span class='ocrx_word' id='word_1_222' title='bbox 1115 2638 1167 2699; x_wconf 92' lang='lat' dir='ltr'><strong>bo-</strong></span> 
     </span>
     <span class='ocr_line' id='line_1_29' title="bbox 158 2728 1166 2805; baseline 0.001 -20"><span class='ocrx_word' id='word_1_223' title='bbox 158 2743 230 2785; x_wconf 91' lang='lat' dir='ltr'><strong>num</strong></span> <span class='ocrx_word' id='word_1_224' title='bbox 253 2729 398 2787; x_wconf 82' lang='lat' dir='ltr'><strong>nutriunt</strong></span> <span class='ocrx_word' id='word_1_225' title='bbox 440 2743 508 2785; x_wconf 91' lang='lat' dir='ltr'><strong>nam</strong></span> <span class='ocrx_word' id='word_1_226' title='bbox 528 2729 695 2804; x_wconf 89' lang='lat' dir='ltr'><strong>posteriora</strong></span> <span class='ocrx_word' id='word_1_227' title='bbox 722 2730 854 2788; x_wconf 88' lang='lat' dir='ltr'><strong>omnium</strong></span> <span class='ocrx_word' id='word_1_228' title='bbox 878 2729 974 2787; x_wconf 90' lang='lat' dir='ltr'><strong>avium</strong></span> <span class='ocrx_word' id='word_1_229' title='bbox 1003 2729 1083 2786; x_wconf 92' lang='lat' dir='ltr'><strong>sanis</strong></span> <span class='ocrx_word' id='word_1_230' title='bbox 1102 2728 1166 2805; x_wconf 82' lang='lat' dir='ltr'><strong>qui·</strong></span> 
     </span>
     <span class='ocr_line' id='line_1_30' title="bbox 158 2812 1168 2894; baseline 0.002 -21"><span class='ocrx_word' id='word_1_231' title='bbox 158 2812 226 2874; x_wconf 84' lang='lat' dir='ltr'><strong>dem</strong></span> <span class='ocrx_word' id='word_1_232' title='bbox 245 2813 415 2874; x_wconf 89' lang='lat' dir='ltr'><strong>bominibus</strong></span> <span class='ocrx_word' id='word_1_233' title='bbox 438 2825 504 2892; x_wconf 87' lang='lat' dir='ltr'><strong>apta</strong></span> <span class='ocrx_word' id='word_1_234' title='bbox 528 2821 607 2894; x_wconf 88' lang='lat' dir='ltr'><strong>sunt,</strong></span> <span class='ocrx_word' id='word_1_235' title='bbox 630 2822 660 2875; x_wconf 96' lang='lat' dir='ltr'><strong>et</strong></span> <span class='ocrx_word' id='word_1_236' title='bbox 677 2817 733 2876; x_wconf 87' lang='lat' dir='ltr'><strong>ista</strong></span> <span class='ocrx_word' id='word_1_237' title='bbox 752 2824 782 2876; x_wconf 90' lang='lat' dir='ltr'><strong>et</strong></span> <span class='ocrx_word' id='word_1_238' title='bbox 796 2818 901 2876; x_wconf 89' lang='lat' dir='ltr'><strong>omnia.</strong></span> <span class='ocrx_word' id='word_1_239' title='bbox 939 2833 1006 2875; x_wconf 90' lang='lat' dir='ltr'><strong>nam</strong></span> <span class='ocrx_word' id='word_1_240' title='bbox 1029 2823 1168 2876; x_wconf 89' lang='lat' dir='ltr'><strong>auctores</strong></span> 
     </span>
     <span class='ocr_line' id='line_1_31' title="bbox 104 2898 1166 2983; baseline 0.002 -22"><span class='ocrx_word' id='word_1_241' title='bbox 104 2912 139 2963; x_wconf 82' lang='lat'><strong>30</strong></span> <span class='ocrx_word' id='word_1_242' title='bbox 158 2903 213 2963; x_wconf 86' lang='lat' dir='ltr'><strong>ista</strong></span> <span class='ocrx_word' id='word_1_243' title='bbox 236 2898 427 2980; x_wconf 78' lang='lat' dir='ltr'><strong>(quaerunt)</strong></span> <span class='ocrx_word' id='word_1_244' title='bbox 451 2910 612 2979; x_wconf 89' lang='lat' dir='ltr'><strong>quaesunt</strong></span> <span class='ocrx_word' id='word_1_245' title='bbox 629 2906 789 2983; x_wconf 88' lang='lat' dir='ltr'><strong>praecipua</strong></span> <span class='ocrx_word' id='word_1_246' title='bbox 805 2902 937 2964; x_wconf 91' lang='lat' dir='ltr'><strong>membra</strong></span> <span class='ocrx_word' id='word_1_247' title='bbox 956 2906 1035 2963; x_wconf 91' lang='lat' dir='ltr'><strong>inter</strong></span> <span class='ocrx_word' id='word_1_248' title='bbox 1049 2901 1166 2963; x_wconf 89' lang='lat' dir='ltr'><strong>diversa</strong></span> 
     </span>
     <span class='ocr_line' id='line_1_32' title="bbox 155 2989 1167 3068; baseline 0 -18"><span class='ocrx_word' id='word_1_249' title='bbox 155 3007 264 3068; x_wconf 85' lang='lat' dir='ltr'><strong>genera</strong></span> <span class='ocrx_word' id='word_1_250' title='bbox 288 2990 323 3050; x_wconf 97' lang='lat' dir='ltr'><strong>ad</strong></span> <span class='ocrx_word' id='word_1_251' title='bbox 346 2991 426 3049; x_wconf 90' lang='grc'><strong>11133</strong></span> <span class='ocrx_word' id='word_1_252' title='bbox 450 2989 589 3050; x_wconf 89' lang='lat' dir='ltr'><strong>deliciose</strong></span> <span class='ocrx_word' id='word_1_253' title='bbox 614 2994 745 3052; x_wconf 87' lang='lat' dir='ltr'><strong>viventes</strong></span> <span class='ocrx_word' id='word_1_254' title='bbox 768 2999 798 3052; x_wconf 92' lang='lat' dir='ltr'><strong>et</strong></span> <span class='ocrx_word' id='word_1_255' title='bbox 821 2991 937 3052; x_wconf 90' lang='lat' dir='ltr'><strong>diversa</strong></span> <span class='ocrx_word' id='word_1_256' title='bbox 960 2989 1094 3052; x_wconf 92' lang='lat' dir='ltr'><strong>ciborum</strong></span> <span class='ocrx_word' id='word_1_257' title='bbox 1118 3008 1167 3051; x_wconf 89' lang='lat' dir='ltr'><strong>su·</strong></span> 
     </span>
     <span class='ocr_line' id='line_1_33' title="bbox 153 3077 1168 3165; baseline 0 -28"><span class='ocrx_word' id='word_1_258' title='bbox 153 3085 287 3138; x_wconf 87' lang='lat' dir='ltr'><strong>mentes:</strong></span> <span class='ocrx_word' id='word_1_259' title='bbox 317 3096 371 3157; x_wconf 94' lang='lat' dir='ltr'><strong>pro</strong></span> <span class='ocrx_word' id='word_1_260' title='bbox 395 3080 469 3156; x_wconf 91' lang='lat' dir='ltr'><strong>ipsis</strong></span> <span class='ocrx_word' id='word_1_261' title='bbox 496 3081 629 3157; x_wconf 82' lang='lat' dir='ltr'><strong>exposita</strong></span> <span class='ocrx_word' id='word_1_262' title='bbox 660 3082 785 3165; x_wconf 30' lang='lat' dir='ltr'><strong>est&#39;lsta</strong></span> <span class='ocrx_word' id='word_1_263' title='bbox 815 3082 904 3160; x_wconf 90' lang='grc'><strong>13113,</strong></span> <span class='ocrx_word' id='word_1_264' title='bbox 926 3087 1082 3158; x_wconf 88' lang='grc'><strong>313313133</strong></span> <span class='ocrx_word' id='word_1_265' title='bbox 1109 3077 1168 3137; x_wconf 92' lang='lat' dir='ltr'><strong>illis</strong></span> 
     </span>
     <span class='ocr_line' id='line_1_34' title="bbox 154 3163 1167 3246; baseline -0.001 -20"><span class='ocrx_word' id='word_1_266' title='bbox 154 3167 205 3243; x_wconf 91' lang='lat' dir='ltr'><strong>qui</strong></span> <span class='ocrx_word' id='word_1_267' title='bbox 236 3166 418 3226; x_wconf 83' lang='lat' dir='ltr'><strong>infirmiores</strong></span> <span class='ocrx_word' id='word_1_268' title='bbox 450 3175 520 3226; x_wconf 90' lang='lat' dir='ltr'><strong>sunt</strong></span> <span class='ocrx_word' id='word_1_269' title='bbox 556 3185 690 3246; x_wconf 91' lang='lat' dir='ltr'><strong>corpore.</strong></span> <span class='ocrx_word' id='word_1_270' title='bbox 736 3186 804 3227; x_wconf 89' lang='lat' dir='ltr'><strong>nam</strong></span> <span class='ocrx_word' id='word_1_271' title='bbox 835 3170 914 3228; x_wconf 92' lang='lat' dir='ltr'><strong>inter</strong></span> <span class='ocrx_word' id='word_1_272' title='bbox 944 3167 1060 3227; x_wconf 89' lang='lat' dir='ltr'><strong>diversa</strong></span> <span class='ocrx_word' id='word_1_273' title='bbox 1089 3163 1167 3225; x_wconf 91' lang='lat' dir='ltr'><strong>bona</strong></span> 
     </span>
     <span class='ocr_line' id='line_1_35' title="bbox 154 3254 1166 3333; baseline -0.001 -19"><span class='ocrx_word' id='word_1_274' title='bbox 154 3255 312 3314; x_wconf 84' lang='lat' dir='ltr'><strong>commixta</strong></span> <span class='ocrx_word' id='word_1_275' title='bbox 335 3256 365 3314; x_wconf 90' lang='lat' dir='ltr'><strong>in</strong></span> <span class='ocrx_word' id='word_1_276' title='bbox 390 3254 514 3332; x_wconf 89' lang='lat' dir='ltr'><strong>prandio</strong></span> <span class='ocrx_word' id='word_1_277' title='bbox 538 3257 564 3314; x_wconf 91' lang='grc'><strong>31</strong></span> <span class='ocrx_word' id='word_1_278' title='bbox 586 3273 665 3316; x_wconf 89' lang='lat' dir='ltr'><strong>unus</strong></span> <span class='ocrx_word' id='word_1_279' title='bbox 689 3255 773 3317; x_wconf 88' lang='lat' dir='ltr'><strong>cibus</strong></span> <span class='ocrx_word' id='word_1_280' title='bbox 797 3274 856 3316; x_wconf 91' lang='lat' dir='ltr'><strong>non</strong></span> <span class='ocrx_word' id='word_1_281' title='bbox 880 3273 1031 3333; x_wconf 85' lang='lat' dir='ltr'><strong>congruus</strong></span> <span class='ocrx_word' id='word_1_282' title='bbox 1049 3263 1080 3315; x_wconf 90' lang='lat' dir='ltr'><strong>et</strong></span> <span class='ocrx_word' id='word_1_283' title='bbox 1099 3271 1166 3313; x_wconf 89' lang='lat' dir='ltr'><strong>cru·</strong></span> 
     </span>
     <span class='ocr_line' id='line_1_36' title="bbox 98 3340 1166 3423; baseline 0.002 -24"><span class='ocrx_word' id='word_1_284' title='bbox 98 3349 133 3399; x_wconf 77' lang='grc'><strong>35</strong></span> <span class='ocrx_word' id='word_1_285' title='bbox 153 3341 219 3400; x_wconf 92' lang='lat' dir='ltr'><strong>dior</strong></span> <span class='ocrx_word' id='word_1_286' title='bbox 242 3342 343 3422; x_wconf 88' lang='lat' dir='ltr'><strong>luerit,</strong></span> <span class='ocrx_word' id='word_1_287' title='bbox 365 3341 414 3402; x_wconf 92' lang='lat' dir='ltr'><strong>illa</strong></span> <span class='ocrx_word' id='word_1_288' title='bbox 437 3342 492 3402; x_wconf 90' lang='lat' dir='ltr'><strong>alia</strong></span> <span class='ocrx_word' id='word_1_289' title='bbox 516 3340 593 3402; x_wconf 92' lang='lat' dir='ltr'><strong>bona</strong></span> <span class='ocrx_word' id='word_1_290' title='bbox 616 3343 740 3423; x_wconf 87' lang='lat' dir='ltr'><strong>dissipat</strong></span> <span class='ocrx_word' id='word_1_291' title='bbox 763 3353 794 3404; x_wconf 89' lang='lat' dir='ltr'><strong>et</strong></span> <span class='ocrx_word' id='word_1_292' title='bbox 816 3362 876 3403; x_wconf 91' lang='lat' dir='ltr'><strong>non</strong></span> <span class='ocrx_word' id='word_1_293' title='bbox 900 3344 1006 3403; x_wconf 90' lang='lat' dir='ltr'><strong>bonam</strong></span> <span class='ocrx_word' id='word_1_294' title='bbox 1026 3341 1166 3421; x_wconf 84' lang='lat' dir='ltr'><strong>digestio·</strong></span> 
     </span>
     <span class='ocr_line' id='line_1_37' title="bbox 153 3429 1167 3511; baseline -0.001 -22"><span class='ocrx_word' id='word_1_295' title='bbox 153 3447 222 3489; x_wconf 92' lang='lat' dir='ltr'><strong>nem</strong></span> <span class='ocrx_word' id='word_1_296' title='bbox 245 3432 392 3509; x_wconf 89' lang='lat' dir='ltr'><strong>permittit</strong></span> <span class='ocrx_word' id='word_1_297' title='bbox 415 3438 548 3490; x_wconf 88' lang='lat' dir='ltr'><strong>ventrem</strong></span> <span class='ocrx_word' id='word_1_298' title='bbox 572 3429 690 3492; x_wconf 89' lang='lat' dir='ltr'><strong>habere.</strong></span> <span class='ocrx_word' id='word_1_299' title='bbox 728 3450 817 3510; x_wconf 92' lang='lat' dir='ltr'><strong>supra</strong></span> <span class='ocrx_word' id='word_1_300' title='bbox 846 3434 973 3511; x_wconf 89' lang='lat' dir='ltr'><strong>scriptae</strong></span> <span class='ocrx_word' id='word_1_301' title='bbox 1004 3446 1167 3490; x_wconf 86' lang='grc'><strong>13133133</strong></span> 
     </span>
    </p>
   </div>
   <div class='ocr_carea' id='block_1_3' title="bbox 0 0 1246 4102">
    <p class='ocr_par' dir='ltr' id='par_1_12' title="bbox 0 0 1246 4102">
     <span class='ocr_line' id='line_1_38' title="bbox 0 0 1246 4102; baseline 0 0"><span class='ocrx_word' id='word_1_302' title='bbox 0 0 1246 4102; x_wconf 95' lang='lat' dir='ltr'><strong> </strong></span> 
     </span>
    </p>
   </div>
  </div>
 </body>
</html>
