2482 4102
565 193 780 259 ..10-

231 358 393 438 agnellinae
408 374 477 419 vero
492 375 598 419 carnes
611 366 662 419 aut
685 357 721 418 de
744 357 845 418 haedis
860 359 987 437 optimae
1006 363 1086 438 sunt,
1104 375 1174 435 qua·
1193 364 1210 421 ὅ

164 447 233 509 liter
255 446 393 527 volueris,
419 454 469 507 aut
492 455 645 526 vaporatus
668 457 719 508 aut
742 446 832 507 elixas
854 448 887 506 in
909 445 1041 507 iuscello.
1086 448 1176 506 etiarn

164 545 195 597 et
217 552 300 596 assae
323 535 417 595 bonae
441 543 520 596 sunt.

231 625 367 683 cervinae
394 641 465 682 vero
493 640 598 683 carnes
625 622 718 684 elixae
742 631 772 684 et
802 631 956 702 vaporatae
979 624 1212 703 accipiuntur,tt

129 711 217 773 used
239 712 390 772 interdum
405 710 540 772 utendae.
563 719 714 772 assaturae
728 729 798 771 vero
822 713 848 772 si
871 711 907 772 de
926 710 1040 771 novello
1064 711 1177 771 luerint

164 816 262 878 corvo,
284 799 378 860 bonae
398 808 476 860 sunt.
499 817 567 859 nam
586 802 611 860 si
630 798 667 859 de
682 808 798 860 vetusto
812 817 910 879 cervo,
927 801 1078 878 graviores
1096 807 1176 859 sunt.

231 905 336 949 carnes
354 888 391 948 de
413 885 563 948 hinnuleis
577 906 646 948 vero
666 896 696 948 et
719 888 756 948 de
779 887 924 967 capreolis
947 896 977 948 et
998 889 1080 966 ipsae
1104 897 1209 952 con-l

163 994 254 1055 gruae
277 984 355 1037 sunt.
393 973 510 1053 qnando
534 975 665 1035 novellae
689 976 809 1055 luerint,
832 975 970 1036 meliores
993 983 1072 1036 sunt.

230 1082 360 1144 aprunae
374 1081 444 1124 vero
468 1072 578 1142 quanto
599 1066 782 1124 recentiores
804 1064 927 1145 fuerint,
948 1063 1074 1123 leviores
1093 1071 1173 1143 sunt,
1192 1073 1210 1129 8

110 1164 144 1214 10
163 1152 216 1213 sed
240 1152 331 1213 elixae
354 1153 490 1212 utendae.
515 1161 544 1213 et
567 1159 717 1213 assaturae
741 1154 767 1212 si
789 1152 877 1231 fiunt,
900 1160 934 1212 ut
956 1151 1043 1230 longe
1067 1169 1083 1210 a
1106 1151 1173 1210 ioco

162 1249 192 1301 et
215 1241 336 1320 diutius,
359 1239 508 1318 quomodo
531 1240 567 1300 de
592 1242 755 1300 vervecinis
777 1239 980 1301 indicavimus.
1162 1308 1165 1313 ¹

228 1328 264 1389 de
288 1346 379 1407 porco
402 1327 564 1388 domestico
579 1336 609 1388 et
627 1327 718 1388 elixae
741 1336 771 1388 et
793 1336 916 1388 assatae.
938 1336 1049 1406 quanto
1072 1331 1211 1388 tament)

162 1419 345 1478 recentiores
373 1423 456 1495 sunt,
488 1424 570 1476 tanto
597 1415 723 1477 leviores
751 1423 835 1496 sunt,
867 1424 898 1476 et
920 1424 1005 1494 aptae
1028 1415 1064 1474 ad
1092 1416 1172 1494 dige-

162 1509 297 1566 stionem.
342 1511 497 1584 praeterea
529 1503 566 1564 de
597 1503 706 1564 lumbis
737 1503 914 1583 porcellinas
942 1502 1061 1582 expedit
1092 1521 1175 1564 assas

110 1603 143 1653 15
162 1593 353 1673 manducare,
381 1595 450 1671 quia
472 1600 556 1671 aptae
580 1601 702 1653 suntet
730 1590 806 1652 bene
829 1592 1041 1672 coniiciuntur,
1068 1593 1110 1651 ita
1140 1600 1175 1652 ut

66 1689 73 1699 '
162 1682 222 1743 sale
244 1684 276 1742 in
295 1699 370 1760 aqua
389 1680 485 1741 soluto
501 1698 570 1742 cum
591 1682 691 1759 pinnis
714 1679 832 1758 quando
846 1688 983 1740 assantur
1005 1687 1174 1759 tangantur.

163 1778 193 1830 et
220 1772 246 1830 si
277 1769 413 1830 duriores
437 1768 554 1847 quando
584 1769 800 1829 manducantur
832 1768 957 1846 luerint,
989 1766 1094 1827 melius
1118 1776 1174 1847 est,

162 1860 205 1917 sic
228 1865 328 1918 tanmn
350 1859 437 1917 utin
461 1857 520 1918 sale
543 1875 621 1936 puro
643 1859 836 1935 intingantur.
874 1872 941 1916 nam
964 1855 1113 1934 liquamen
1138 1874 1174 1915 ex

165 1947 245 2006 omni
267 1957 351 2024 parte
375 1944 575 2024 prohibemus.
612 1944 755 2005 lactantes
778 1961 848 2004 vero
872 1945 943 2004 satis
967 1946 1027 2023 apti
1051 1952 1081 2004 et
1104 1951 1229 2008 con-10

110 2045 146 2095 ιο
164 2036 232 2112 grui
246 2033 323 2114 elixi,
345 2032 391 2093 vel
414 2035 445 2093 in
467 2033 600 2113 inscello,
623 2035 731 2093 classi
752 2035 784 2092 in
807 2033 895 2092 furno
914 2040 948 2091 ut
970 2050 1030 2091 non
1054 2030 1174 2109 grandis

162 2124 201 2182 sit
223 2138 314 2200 vapor
337 2129 367 2182 et
389 2140 427 2182 ne
451 2124 522 2182 satis
552 2121 723 2181 ustulentur
751 2119 803 2180 sed
831 2121 923 2198 magis
952 2127 986 2179 ut
1018 2118 1175 2179 deveniant

162 2212 247 2288 quasi
269 2211 410 2288 vaporati.
433 2218 464 2270 et
486 2209 555 2269 inde
578 2207 750 2287 intingendo
774 2210 806 2267 in
828 2207 964 2267 oximelle
987 2207 1114 2286 simplici
1136 2206 1174 2267 ad

161 2297 265 2358 boram
288 2297 365 2358 lacto
383 2305 418 2357 nt
440 2298 515 2357 duae
537 2305 638 2377 partes
657 2296 693 2356 de
712 2294 844 2356 melleet
861 2313 920 2356 una
941 2313 1011 2374 pars
1034 2296 1070 2355 de
1089 2304 1174 2356 aceto

163 2384 350 2465 adhibeatur,
382 2394 412 2446 et
435 2386 479 2445 siu
501 2392 668 2464 coquantur
690 2386 721 2443 in
743 2402 812 2444 vaso
836 2383 932 2465 lictili,
965 2392 995 2444 et
1018 2386 1061 2444 sic
1083 2385 1173 2444 intin-

109 2483 144 2533 ιι
163 2482 270 2552 gantur
294 2490 398 2533 carues
421 2475 503 2552 ipsae
527 2471 644 2551 quando
669 2472 892 2533 manducantur.

229 2561 266 2622 de
289 2560 387 2622 bubus
405 2579 476 2620 vero
500 2562 552 2638 qui
574 2562 739 2621 teneriores
763 2569 833 2622 sunt
851 2562 894 2620 sic
918 2562 979 2639 apti
1002 2569 1080 2621 sunt.
1104 2578 1173 2620 caro
1189 2569 1228 2624 11

162 2651 226 2728 ipsa
254 2658 390 2710 sumatur
418 2647 492 2708 elixa
516 2647 561 2708 vel
584 2658 730 2727 vaporata.
775 2658 805 2710 et
834 2650 860 2708 si
889 2648 1053 2709 delectatus
1082 2649 1175 2708 luerit

162 2739 243 2817 quis,
273 2755 353 2796 assas
376 2735 533 2796 comedere
555 2743 667 2817 potest,
697 2746 731 2797 ut
757 2737 874 2816 longius
897 2754 914 2796 a
937 2737 1003 2797 loco
1026 2742 1173 2797 assentur.

163 2833 262 2884 tamen
285 2842 346 2884 non
369 2822 445 2884 bene
468 2825 663 2903 accipiuntur.

108 2922 143 2973 80
228 2929 333 2973 carnes
356 2929 426 2971 vero
445 2914 582 2972 vaccinae
605 2911 651 2972 vel
673 2910 833 2972 bubulinae
856 2912 996 2973 insalutae
1019 2930 1080 2972 non
1103 2921 1229 2978 sunt12

162 3017 324 3081 congruae,
347 3001 405 3060 nisi
427 3002 589 3061 necessitas
614 3002 747 3078 exegerit
769 3007 803 3060 ut
827 3009 995 3081 sumantur,
1018 3003 1087 3079 qnia
1109 3003 1175 3080 pin·

162 3088 257 3167 guedo
281 3086 318 3147 de
341 3089 414 3167 ipsis
437 3087 576 3148 carnibus
599 3087 636 3148 de
660 3088 719 3148 sale
743 3088 859 3171 delluit,
882 3098 912 3149 et
934 3090 1096 3150 deveniunt
1117 3090 1173 3149 sic·

162 3194 214 3236 cae
236 3177 318 3254 ipsae
342 3193 448 3237 carnes
471 3183 502 3237 et
525 3194 584 3238 non
608 3175 683 3237 bene
707 3177 914 3238 coniiciuntur.

229 3263 347 3342 lepores
360 3259 431 3325 vero
451 3267 476 3325 si
492 3264 599 3325 novelli
622 3266 734 3325 luerint
747 3273 778 3325 et
799 3267 857 3344 ipsi
880 3263 1017 3326 sumendi
1039 3267 1070 3325 in
1094 3264 1174 3326 dulci
1188 3275 1228 3331 lu

110 3361 145 3411 uo
163 3353 249 3430 piper
262 3350 399 3433 habente,
418 3370 524 3432 parum
538 3352 661 3414 cariofili
681 3360 712 3412 et
730 3351 874 3435 gingiber,
888 3362 1004 3414 costum
1017 3360 1048 3413 et
1061 3355 1175 3433 spicum

162 3439 248 3500 nardi
272 3440 318 3500 vel
340 3440 452 3502 lolium.
