2482 4102
490 212 708 276 ..11-

32 379 75 437 14
159 370 201 431 lle
225 370 348 433 larido
372 391 451 453 vero,
474 375 554 436 unde
577 393 638 436 non
661 384 707 436 est
729 375 857 453 qualiter
879 378 960 437 exire
984 375 1103 436 delicias

88 460 288 539 Francorum,
320 470 420 523 tamen
450 463 577 541 qualiter
607 464 713 524 melius
741 463 914 524 comedatur
941 462 977 524 ad
1000 464 1103 524 horam

89 566 216 627 expono.
259 551 285 609 si
307 559 437 611 assatum
465 551 557 612 itterit
584 552 620 612 ad
649 552 753 612 horam
776 551 923 630 quomodo
948 550 1104 631 bradoues,

90 639 271 718 pinguamen
293 639 392 716 ipsum
410 638 514 700 defluit
531 642 562 700 in
577 640 643 700 loco
662 648 693 700 et
711 639 836 700 laridum
856 639 974 701 devenit
991 642 1104 701 siccum

91 734 123 787 et
152 729 205 804 qui
227 726 449 787 manducaverit
472 727 606 809 laeditur,
630 746 698 788 nam
721 746 780 788 uon
803 730 929 789 iuvatur.
966 730 1055 789 etiam
1073 737 1139 792 eta

90 806 185 875 malos
207 814 349 875 humores
372 826 494 894 generat
517 826 547 876 et
570 816 796 895 indigestionem
820 816 898 876 lacit.
939 817 991 876 sed
1016 816 1103 876 elixa·

90 913 156 964 tum
179 901 306 964 laridum
330 914 360 964 et
383 904 591 984 refrigeratum
615 908 641 965 si
670 903 864 965 manducatur
892 904 997 964 melius
1020 906 1105 964 iuvat

91 1000 124 1052 et
146 999 281 1051 ventrem
304 994 500 1054 constrictum
523 1000 682 1074 temperat,
705 1002 736 1052 et
758 991 834 1052 bene
857 992 1010 1071 digeritur.
1052 992 1104 1052 sed

91 1077 170 1139 bene
193 1077 282 1140 debet
305 1079 416 1141 elixari.
458 1089 540 1141 certe
563 1083 588 1141 si
611 1082 647 1141 de
672 1099 777 1162 perna,
800 1080 867 1159 plns
896 1078 986 1140 debet
1008 1082 1105 1158 coqui.

92 1166 223 1228 decute
246 1185 316 1228 vero
340 1170 404 1247 ipsa
427 1169 500 1229 nihil
522 1178 739 1248 praesumatur,
762 1170 831 1247 qnia
854 1186 913 1228 nou
938 1168 1103 1229 conficitur.
1124 1183 1157 1232 10

93 1255 204 1316 lrixum
226 1274 297 1316 vero
320 1255 447 1317 laridum
461 1259 582 1336 penitus
595 1276 655 1318 non
674 1256 1017 1338 praesumendum,.quia
1031 1259 1103 1317 satis

91 1354 189 1404 nocet.
225 1347 404 1425 pinguamen
428 1348 523 1424 ipsius
545 1345 630 1406 laridi
653 1346 732 1424 quod
756 1348 786 1406 in
806 1344 872 1406 cibo
886 1345 984 1424 aliquo
1000 1362 1102 1423 super·

91 1433 218 1493 missum
241 1432 333 1494 luerit
355 1433 401 1493 vel
425 1452 516 1512 super
540 1434 620 1494 olera
644 1434 695 1494 ubi
718 1433 817 1494 oleum
840 1451 899 1493 uon
923 1433 1022 1514 luerit,
1043 1451 1103 1493 non

91 1528 191 1581 uocet.
236 1539 304 1582 nam
327 1521 375 1582 illa
399 1522 523 1582 frictura
546 1524 665 1601 penitus
688 1540 747 1582 non
771 1521 898 1600 expedit.

159 1607 197 1668 dc
229 1609 323 1670 crudo
354 1628 425 1670 vero
456 1610 550 1671 larido
592 1611 671 1689 qnod
703 1610 799 1671 solent
822 1620 855 1670 ut
885 1609 972 1671 audio
995 1609 1102 1671 Franci
1122 1623 1156 1672 15

91 1696 258 1778 comedere,
282 1700 375 1759 miror
396 1701 467 1759 satis
490 1701 557 1778 quis
580 1698 638 1759 illis
661 1698 791 1759 ostendit
812 1698 901 1758 talem
925 1697 1102 1758 medicinam

90 1792 208 1845 utnon
231 1804 307 1865 opus
329 1787 457 1849 habeant
478 1787 533 1848 alia
557 1787 710 1848 medicina.
743 1789 794 1866 qui
818 1789 860 1847 sic
883 1787 1011 1846 crudum
1028 1784 1103 1846 illud

90 1872 285 1954 manducant,
318 1877 387 1953 quia
414 1875 592 1937 beneficium
620 1876 730 1954 grande
759 1883 806 1935 est
833 1883 863 1935 et
889 1892 945 1952 pro
969 1872 1101 1934 antidoto

90 1963 247 2022 sanitatem
274 1961 332 2022 illis
358 1973 502 2044 praestat,
538 1964 681 2024 beneflcio
713 1965 807 2042 ipsius
840 1964 909 2040 quia
935 1963 976 2022 ita
1003 1964 1102 2023 omnia

89 2050 206 2109 viscera
228 2051 376 2129 quomodo
399 2052 614 2113 medicamento
641 2051 719 2111 bono
743 2059 773 2111 et
800 2052 907 2128 siqua
934 2051 1003 2109 vitia
1032 2058 1103 2110 suut
1124 2062 1161 2112 ao

90 2140 123 2200 iu
145 2139 312 2200 visceribus
335 2140 381 2201 vel
404 2143 553 2201 intestinis
575 2157 630 2219 per
653 2142 751 2218 ipsum
774 2146 926 2217 sanantur,
944 2140 1014 2197 etsi
1028 2136 1103 2197 lum·

91 2226 170 2288 briei
184 2227 231 2289 rel
253 2230 351 2289 tineae
374 2228 496 2289 aduatae
520 2229 640 2309 inerint,
664 2226 784 2306 expellit
807 2226 872 2286 hoc.
904 2242 971 2285 nam
986 2233 1017 2285 et
1034 2243 1103 2285 ren·

92 2324 171 2376 trem
193 2324 348 2396 temperat,
372 2326 402 2378 et
425 2317 505 2395 quod
528 2317 586 2377 illis
610 2316 716 2376 melius
735 2324 789 2394 est,
812 2331 867 2393 per
890 2315 980 2373 istum
1004 2311 1104 2373 cibum

92 2406 226 2464 saniores
250 2404 314 2465 aliis
338 2414 416 2465 sunt.
462 2423 530 2465 nam
558 2413 591 2466 ut
619 2403 787 2483 exemplum
810 2419 950 2481 magnum
979 2401 1105 2481 dicatur,

91 2500 127 2553 ut
149 2492 289 2553 credatur
313 2492 392 2572 quod
416 2493 552 2574 diximus,
575 2502 637 2554 tota
661 2493 782 2552 vulnera
805 2508 881 2570 qnae
905 2490 977 2550 loris
1000 2497 1051 2550 aut
1073 2491 1105 2549 in
1127 2501 1163 2552 ao

91 2597 220 2660 corpore
242 2589 311 2641 nata
334 2582 446 2642 luerint
468 2582 514 2642 vel
537 2583 574 2642 de
597 2581 680 2661 plaga
704 2581 793 2660 lacta,
821 2578 946 2639 laridum
970 2595 1104 2638 crassum

92 2667 261 2748 adpositum
284 2670 406 2731 adsidue
430 2678 460 2730 et
481 2678 589 2749 purgat
611 2669 802 2748 putredinem
825 2666 955 2727 vulneris
973 2665 1051 2727 illius
1074 2672 1104 2724 et

93 2765 186 2817 sanat.
227 2759 270 2818 sic
295 2759 374 2818 enim
398 2758 486 2819 etad
510 2760 652 2819 interiora
675 2760 789 2817 viscera
816 2757 926 2835 poterit
952 2753 1105 2833 prodesse,

93 2846 172 2904 sicut
181 2849 321 2924 superius
333 2845 469 2908 diximus.
493 2865 563 2907 ecco
576 2845 661 2924 quale
672 2844 849 2906 beneficium
858 2845 889 2903 in
899 2842 992 2902 larido
1002 2841 1106 2920 crudo,

95 2942 125 2992 et
148 2933 229 3011 quod
253 2933 360 2994 medici
379 2952 447 2994 cum
467 2935 689 2995 medicamentis
707 2932 753 2993 vel
772 2929 942 3011 potionibus
960 2937 1106 3008 temptant
1131 2942 1166 2992 ao

96 3037 203 3081 sanare
221 3021 268 3081 vel
292 3021 459 3102 emplastris
478 3041 594 3104 curare,
612 3023 649 3082 de
663 3020 756 3082 larido
771 3019 864 3080 crudo
878 3018 985 3078 Franci
1000 3025 1112 3076 sanant.

43 3117 80 3173 15
167 3108 318 3170 Cervisa
342 3110 470 3171 bibendo
485 3120 515 3170 et
537 3108 698 3170 medusvel
713 3109 863 3168 aloxinum
886 3123 973 3185 qnam
987 3107 1113 3165 maxime

97 3197 237 3258 omnibus
261 3216 427 3277 congruum
450 3208 497 3258 est
520 3217 555 3258 ex
585 3206 657 3258 toto.
694 3197 762 3274 quia
791 3196 905 3254 cervisa
933 3211 1008 3272 quae
1036 3192 1112 3253 bene

96 3285 174 3347 lacta
198 3286 290 3347 luerit
318 3289 463 3347 rationem
491 3285 580 3346 hahet
608 3294 638 3346 et
665 3283 843 3343 beneficium
871 3289 1002 3360 praestat
1034 3283 1112 3342 sicut

96 3375 193 3435 tisana
209 3391 298 3453 quam
318 3392 371 3434 nos
390 3375 515 3435 iacimus
538 3373 595 3435 alio
618 3390 736 3452 genere.
774 3370 910 3431 similiter
927 3378 958 3430 et
976 3368 1012 3429 de
1027 3367 1113 3429 medo
1133 3382 1167 3432 aa

96 3460 173 3523 bene
198 3462 276 3523 lacto
299 3470 334 3524 ut
356 3462 415 3523 mel
437 3461 514 3523 hene
538 3460 653 3541 lrabeat,
676 3458 805 3521 multum
829 3461 917 3519 iuvat.
