2482 4102
513 198 729 265 ..15-

23 364 26 369 ’
110 366 232 447 corpor!
255 364 364 427 melina
391 381 480 444 qulam
507 362 583 425 alter
611 364 697 427 cibus
726 374 757 427 et
783 368 865 427 naulo
890 365 1060 427 bominibus
1096 376 1128 427 et

109 454 248 517 tanente
281 455 336 515 ‘lta
366 461 466 514 tamen
498 454 570 514 llant
592 462 627 514 ut
655 456 685 513 ln
717 453 815 533 tepida
849 472 925 534 aqua
961 457 1127 534 mittantur,

108 542 157 605 vel
179 544 308 603 manlute
330 544 361 603 ln
384 540 500 621 lngule,
518 550 550 602 et
571 544 616 602 alc
637 552 807 621 coquantur
828 542 909 604 lento
929 544 1009 623 loco,
1031 551 1082 605 aut
1094 544 1127 603 ln

109 628 294 693 carbonlbua
315 628 457 711 paulatim
475 628 618 691 calellant
659 629 708 690 illa
726 648 802 710 aqua
820 632 865 692 ele
882 640 1020 710 penetrat
1036 634 1128 693 intua.

20 722 28 733 '
108 736 181 781 nam
204 720 231 779 ol
253 721 284 780 ln
307 718 434 779 lerrentl
458 734 533 796 aqua
552 719 642 778 minsa
661 718 782 797 luerint,
799 718 937 780 albumen
955 719 1163 799 coagruaturo

16 836 28 941 1
108 816 142 870 et
163 804 327 869 medlolum
349 804 422 867 lllud
449 805 534 865 tarde
562 808 656 867 eentlt
681 815 712 867 et
738 806 858 867 devenit
886 808 1126 887 lntemperatum

110 904 143 958 et
166 896 220 977 qul
242 896 286 956 alc
309 895 460 974 acceperit
482 903 617 955 nocetur.
658 912 726 955 nam
749 896 828 956 elcut
854 898 995 974 nuperius
1016 895 1077 957 dixi
1100 898 1127 957 el

18 988 26 1069 ξ
109 984 153 1045 lla
176 982 290 1044 luerim
307 981 393 1062 lacta,
411 980 488 1043 bene
506 982 696 1042 conventum
732 991 880 1044 ettamen
898 1000 1017 1062 semper
1034 1000 1127 1044 cocua

18 1084 25 1111 ²
108 1072 204 1152 agltel
225 1088 295 1133 eum
318 1068 442 1151 spatula.
483 1077 582 1130 tamen
612 1071 780 1131 recentiora
810 1088 863 1130 ora
893 1070 1015 1132 meliora
1045 1078 1124 1132 eunt

14 1144 25 1231 Ι
56 1158 96 1217 tc
177 1156 254 1220 dura
276 1176 349 1220 vero
370 1176 425 1218 ova
447 1164 500 1218 aut
521 1176 557 1219 ex
581 1176 652 1218 carta
680 1158 828 1237 quomodo
855 1161 887 1220 in
914 1160 1037 1239 lnpenea
1069 1177 1121 1238 po·
1141 1170 1176 1219 to

107 1254 233 1328 utuntur,
254 1244 416 1308 ntetliolum
438 1253 554 1307 tantum
572 1254 787 1325 praesumatur.
823 1264 890 1308 nam
908 1246 1046 1307 albumen
1065 1246 1119 1309 llu-

105 1350 177 1397 rum
203 1333 315 1397 lactum
342 1352 402 1395 non
429 1335 588 1394 conllcitur
615 1336 748 1413 penitus,
776 1334 829 1395 aed
862 1344 893 1396 et
919 1333 1120 1415 corruptelam

105 1430 233 1503 generat
253 1424 364 1502 ventri,
385 1429 418 1483 et
439 1439 500 1482 non
523 1424 603 1482 iurat
625 1420 677 1481 ced
701 1424 795 1500 megla
817 1432 913 1485 nocet
955 1422 1119 1485 carendum

106 1526 180 1591 ergo
202 1512 325 1571 omnlno
346 1508 495 1571 albnmlna
509 1526 633 1569 ovorum
650 1509 724 1570 dura
743 1512 833 1571 laeta:
855 1510 981 1572 medlola
994 1529 1119 1572 ovorum

106 1600 198 1659 etlam
227 1596 348 1659 norbllla
391 1599 466 1659 lacta
502 1596 571 1677 plue
601 1616 732 1676 mngrua
764 1607 835 1659 alant
866 1600 1002 1679 conteri,
1041 1600 1121 1660 elcut
1139 1608 1173 1660 to

107 1694 248 1748 auctores
270 1684 388 1747 (locem.

14 1764 20 1873 ἑ
56 1784 93 1842 at
176 1776 315 1835 anaerlna
339 1792 408 1834 vera
430 1792 484 1834 ova
512 1776 575 1834 nani
605 1773 742 1834 hominen
772 1773 942 1853 comedent,
973 1783 1072 1835 umen
1095 1783 1126 1835 et

13 1876 18 1963 Ι
108 1862 174 1943 luna
194 1860 264 1943 plue
286 1860 416 1922 eorbilla.
453 1880 522 1922 nam
545 1869 576 1923 et
598 1864 662 1941 lpca
680 1863 707 1923 ol
729 1860 804 1923 (lura
828 1864 953 1942 luerint,
982 1862 1055 1923 illull
1083 1861 1123 1922 al·

109 1948 221 2011 bumen
244 1950 374 2029 gravlter
397 1957 493 2011 nocet

54 2042 94 2099 48
179 2038 322 2099 laelanlna
346 2056 399 2097 ora
422 2036 499 2097 bona
523 2046 602 2117 alant,
625 2035 677 2099 secl
701 2035 822 2097 meliora
845 2036 1006 2115 gallinacla.
1143 2048 1179 2098 w

11 2124 15 2133 '
178 2124 276 2187 Omne
298 2142 394 2205 genua
416 2123 521 2185 bolltl
540 2144 628 2204 grave
650 2133 697 2185 eet
713 2134 744 2185 et
761 2124 949 2203 indigenum.
973 2126 1124 2187 muealrlo

11 2234 14 2243 ·
112 2228 170 2274 nen
191 2230 264 2274 vero
286 2221 318 2274 et
340 2214 455 2273 tulerae
479 2212 617 2273 mellmea
639 2211 676 2273 ab
699 2213 765 2273 allia
786 2212 885 2273 bolltia
908 2222 986 2274 arunt.

55 2306 95 2362 ⁸2
185 2298 228 2362 oe
251 2302 404 2381 placium
428 2302 543 2361 ratlone
565 2302 617 2379 qul
640 2302 671 2361 ln
694 2300 740 2360 blo
762 2298 898 2378 partibus
920 2311 1004 2381 eum,
1027 2308 1124 2361 tructa

112 2398 145 2450 et
167 2404 258 2468 perca
280 2391 411 2469 aptloree
434 2397 505 2449 nunt
526 2387 563 2448 ab
585 2386 651 2448 aliie
672 2386 813 2467 placlbue.

53 2480 95 2539 lo
180 2474 278 2537 luctor
300 2478 393 2556 plecla
415 2486 446 2536 et
468 2478 532 2555 lnce
556 2475 661 2536 bonne
697 2478 781 2555 operi
804 2494 875 2537 uero
897 2477 977 2555 quod
1000 2476 1038 2537 ‹le
1056 2479 1121 2557 ipen
1139 2488 1175 2539 tu

111 2564 147 2624 ttt
168 2580 294 2643 epumeo
317 2563 455 2625 albumen
478 2564 516 2624 ‹le
539 2582 594 2624 ovo
621 2565 665 2624 nic
694 2566 853 2625 mleceatur
875 2573 910 2625 ut
936 2564 1050 2626 modice
1080 2574 1123 2625 te·

10 2624 12 2719 l
109 2668 217 2713 nerum
241 2652 282 2713 eil
303 2670 392 2731 quam
415 2652 534 2731 (lunam,
556 2662 586 2712 et
609 2660 774 2713 comeatum
798 2670 857 2713 non
880 2661 976 2713 nocet.

53 2744 91 2802 44
177 2738 216 2799 ‹le
239 2756 326 2800 eaoee
349 2758 421 2800 nero
444 2739 563 2818 nutando
586 2757 692 2799 recena
714 2741 805 2801 luerit
828 2741 1008 2801 comedatur.
1045 2739 1122 2801 alde

12 2874 16 2885 .
105 2824 246 2906 plurlbua
272 2826 379 2888 ‹llebun
407 2829 512 2907 luerit,
548 2838 651 2906 gravat
678 2828 871 2889 atomacbum.
912 2838 1066 2907 praeterea
1096 2830 1122 2889 el

10 2962 12 2973 .
106 2912 177 2975 nalal
200 2923 281 2994 eunt,
302 2934 406 2995 graves
429 2923 500 2977 eunt
522 2923 554 2975 et
576 2914 669 2975 malon
691 2916 832 2976 humores
855 2918 1000 2977 nutriunt
1039 2918 1118 2977 cutle
1136 2928 1173 2979 oo

106 3018 179 3062 vero
209 3004 308 3063 eeoete
338 3005 434 3083 lpolue
465 3002 613 3081 quomodo
645 3005 739 3064 lrlxue
766 3004 870 3084 luerit,
906 3005 1026 3082 penitus
1059 3022 1118 3065 non

105 3088 315 3170 manducetur,
336 3093 405 3170 quola
427 3092 558 3170 graviter
581 3100 677 3151 nocet

53 3182 92 3242 te
173 3176 324 3257 platenaee
347 3196 418 3239 vero
440 3177 485 3239 vel
505 3178 603 3239 ooleae
617 3195 710 3239 unum
724 3195 819 3257 genoe
832 3187 886 3239 eat
928 3197 1004 3257 quae
1022 3178 1118 3241 bonae

10 3276 16 3335 ’,
105 3272 138 3326 et
159 3282 310 3346 congruae
333 3274 405 3328 nunt
430 3266 523 3327 elixae
550 3268 581 3326 ln
609 3265 670 3327 eale
696 3270 728 3326 et
750 3263 824 3326 olm.
861 3284 937 3345 quae
966 3269 1055 3329 etiam
1087 3277 1118 3329 et

10 3352 15 3423 l
105 3352 235 3414 lnllrmlo
256 3356 330 3416 ealle
352 3356 541 3415 conveniunt.
602 3394 607 3403 -
1136 3368 1172 3418 aa

53 3446 91 3507 44
174 3440 321 3522 aogtrlllae
349 3461 420 3504 vero
448 3460 524 3523 quae
556 3442 587 3501 ln
612 3440 710 3521 glarea
740 3460 844 3523 aspera
874 3443 920 3505 vel
947 3445 978 3505 ln
1006 3446 1119 3505 moola
