2482 4102
32 214 37 249 ,
512 186 548 197 -
600 152 639 216 17
688 188 725 197 -

32 252 37 285 l

177 315 247 392 napi
269 311 341 374 boni
363 322 442 374 sunt.
480 313 549 374 elixi
566 315 599 374 in
614 313 674 374 sale
694 322 724 374 et
742 312 808 374 oleo
823 313 1049 395 manducentur,
1063 317 1125 376 sive

32 478 36 487 Ι
107 418 179 463 cum
202 400 342 463 carnibus
364 401 411 462 rel
433 402 528 463 larido
552 404 642 482 cocti,
672 404 712 462 ita
740 412 774 463 ut
797 410 914 462 acetum
941 421 995 482 pro
1020 416 1126 483 sapore

32 514 36 567 l
107 492 140 551 in
164 497 286 550 coctura
309 492 453 551 mittatur.

32 570 92 644 ¹58
176 580 344 657 pastinacae
368 577 462 639 bonae
487 587 557 639 sunt
580 577 655 638 beue
675 579 768 639 elixae
788 587 818 638 et
837 589 995 641 comestae.
1035 583 1125 641 etiarn

108 669 213 728 urinas
235 675 408 745 provocant.
444 669 470 727 si
494 669 574 728 enim
597 668 691 726 frixae
714 666 922 747 comeduntur,
946 670 1075 747 primum
1094 672 1161 730 int

109 754 193 816 calda
214 755 444 834 praedurentnr.
947 825 956 838 ·

58 843 94 902 tl
177 845 312 922 asparagi
333 861 405 905 vero
428 845 500 904 satis
524 844 595 903 boui
618 851 688 903 suut
711 851 742 903 et
759 841 916 903 domestici
930 854 961 904 et
983 853 1125 926 agrestes,

22 949 30 966 ·
109 940 140 993 et
163 933 265 993 urium
287 939 459 1012 provocant,
491 934 518 993 si
546 933 577 992 iu
605 930 687 991 calda
716 930 834 992 illorum
864 934 923 1010 apii
953 932 1052 993 radice
1075 933 1125 993 ad·

31 1020 35 1133 p
108 1022 201 1081 mixta
223 1019 269 1080 rel
291 1020 414 1081 feniculi
438 1020 546 1101 radice,
570 1019 719 1080 coriandri
733 1019 850 1080 modico
864 1020 900 1079 ad
916 1020 1018 1080 horam
1032 1023 1124 1082 misso

10 1126 35 1189 ltu
109 1107 155 1168 rel
178 1117 305 1181 mentae,
327 1127 397 1170 cnm
415 1111 484 1168 vino
502 1110 566 1187 ipsa
586 1106 667 1168 calda
687 1107 813 1168 bibatur.
850 1116 881 1169 et
899 1111 1034 1188 asparagi
1051 1128 1123 1170 vero
1143 1122 1177 1172 10

31 1198 34 1217 '
108 1213 170 1257 non
192 1194 303 1257 debent
325 1198 451 1258 nimium
474 1197 587 1257 elixari
623 1214 691 1256 uam
714 1195 842 1275 perdent
864 1199 1007 1257 virtutem
1029 1205 1060 1258 et
1078 1216 1123 1258 sa·

10 1232 34 1375 11¹
108 1302 223 1366 potem,
245 1286 305 1345 nisi
327 1285 467 1346 fortiores
490 1287 559 1345 sint.
592 1287 676 1345 etin
700 1283 760 1344 sale
784 1293 814 1345 et
837 1284 902 1345 oleo
922 1286 1124 1347 comedantur.

30 1375 92 1463 l⁵⁵
176 1374 276 1452 apium
299 1390 370 1433 vero
398 1372 588 1433 coriandrum
616 1381 646 1433 et
675 1382 797 1434 anetum
826 1373 872 1433 vel
903 1377 1060 1452 portiones
1092 1377 1124 1435 iu

108 1462 191 1522 omni
213 1459 349 1521 ciborum
371 1471 494 1522 coctura
517 1464 695 1541 miscentur,
727 1463 768 1521 ita
796 1470 829 1522 ut
856 1463 940 1540 porri
973 1462 1124 1524 modicum

107 1548 337 1628 praedarentur.
1146 1561 1177 1611 ιδ

56 1638 93 1694 tt
175 1636 348 1698 cucurbitae
373 1656 443 1698 vero
467 1639 575 1697 rariter
598 1635 846 1717 praesumendae,
878 1640 946 1716 quia
979 1647 1010 1699 et
1041 1641 1122 1717 ipsae

108 1723 232 1804 frigidae
255 1734 338 1805 sunt,
368 1727 426 1786 uisi
454 1726 533 1785 sanis
561 1724 739 1786 hominibus.
785 1734 884 1786 tamen
908 1725 986 1804 apud
1014 1743 1069 1787 nos
1093 1736 1123 1787 et

10 1835 26 1884 p
108 1812 347 1874 febricitantibus
369 1815 479 1893 iugiter
501 1816 566 1874 siue
590 1814 700 1892 frigore
714 1815 876 1874 offerimus.
909 1814 1050 1875 delicatae
1071 1833 1123 1876 cu·

107 1899 242 1963 curbitae
266 1901 358 1963 elixae
381 1901 457 1962 beue
481 1904 512 1962 in
536 1902 596 1962 sale
619 1911 650 1963 et
673 1902 738 1962 oleo
758 1909 906 1962 comestae
930 1903 965 1961 ad
990 1911 1122 1964 contem·

108 1988 254 2069 peraudas
277 1989 377 2051 febres
399 1991 521 2052 faciunt.
1141 2002 1177 2052 20

10 2044 31 2150 a*
56 2080 90 2136 tr
175 2095 352 2139 cucumeres
375 2081 454 2139 enim
477 2081 535 2139 etsi
557 2077 605 2139 hic
628 2096 689 2138 uon
712 2087 790 2158 sunt,
809 2087 908 2137 tamen
923 2078 1040 2155 quando
1059 2079 1122 2139 fue·

108 2168 179 2245 ritui,
202 2183 271 2226 cum
293 2169 407 2227 semine
426 2166 544 2227 illorum
560 2167 638 2245 quod
658 2168 739 2226 intus
753 2174 800 2226 est
814 2166 1017 2227 manducetur.
1051 2185 1120 2227 con-

106 2270 217 2333 gruum
239 2263 287 2316 est
309 2263 463 2334 praeterea
486 2254 522 2314 ad
545 2256 663 2315 renium
687 2256 769 2333 vitia,
796 2256 874 2314 sicut
901 2262 931 2314 et
959 2272 1061 2315 semen
1084 2254 1121 2315 de

107 2360 269 2403 cucumere
295 2344 327 2402 iu
355 2342 502 2421 aliquibus
535 2341 773 2403 confectionibus
804 2360 860 2422 pro
893 2344 1010 2402 renium
1042 2344 1121 2404 vitiis

107 2431 262 2491 iusserunt
283 2439 422 2492 auctores
444 2433 530 2492 mitti.
1141 2440 1176 2492 25

56 2511 92 2566 5⁸
175 2517 309 2579 melones
331 2536 402 2580 vero
426 2521 452 2579 si
474 2518 550 2579 bene
579 2521 690 2579 maturi
717 2519 842 2598 fuerint,
873 2527 905 2578 et
927 2521 1062 2597 ipsorum
1085 2520 1121 2580 ab
1226 2592 1229 2597 ¹

107 2608 189 2667 intus
211 2608 338 2668 maxime
361 2625 431 2668 cum
454 2609 566 2667 semine
590 2607 668 2685 quod
699 2614 745 2666 est
772 2608 913 2687 mixtum,
946 2607 1052 2668 melius
1075 2616 1123 2668 est

10 2718 24 2767 u
107 2711 198 2773 quam
220 2697 247 2755 si
268 2711 378 2774 purum
401 2695 605 2757 manducetur.
638 2712 706 2755 nam
726 2696 752 2754 si
764 2713 866 2775 pusca,
889 2703 923 2755 ut
936 2695 985 2755 alii
999 2695 1122 2778 faciunt,

40 2832 43 2843 .
107 2790 138 2842 et
160 2781 260 2861 puleio
283 2783 413 2844 admixto
441 2786 484 2844 sic
515 2783 721 2862 comedantur,
754 2785 833 2843 sanis
861 2786 1007 2845 convenit.
1053 2801 1121 2844 uam

105 2872 160 2948 qui
182 2872 252 2931 vitia
274 2873 392 2933 renium
415 2871 525 2932 babent
548 2871 594 2932 vel
617 2873 756 2951 vessicae,
781 2888 840 2931 non
859 2875 997 2932 convenit
1019 2890 1122 2953 pusca,
1140 2884 1175 2934 30

12 2981 22 3032 ι
107 2959 178 3036 quia
199 2960 354 3021 inimicum
383 2969 428 3021 est
451 2962 521 3020 satis
552 2967 669 3020 acetum
692 2958 819 3020 crudum
842 2958 966 3020 renibus
996 2968 1028 3021 et
1056 2978 1120 3021 ves·

107 3047 196 3126 sicae,
218 3056 250 3108 et
271 3046 407 3126 hepatico
430 3066 491 3109 nou
514 3047 640 3127 expedit.

27 3174 30 3187 1
55 3127 91 3184 59
175 3132 328 3214 atriplices
351 3135 432 3197 olera
456 3135 533 3197 bona
556 3145 626 3197 suut
649 3144 680 3196 et
702 3137 782 3195 sanis
805 3143 836 3196 et
859 3136 993 3197 infirmis.

27 3212 30 3237 '
54 3217 92 3274 60
172 3223 290 3285 radices
313 3241 384 3285 vero
407 3226 487 3285 sanis
507 3223 552 3285 vel
566 3224 739 3304 flegmaticis
763 3232 847 3303 aptae
870 3233 949 3305 sunt,
972 3233 1071 3286 tamen
1086 3236 1121 3286 nt

106 3325 130 3371 v
152 3319 205 3372 aut
218 3311 345 3391 amplius
359 3313 424 3375 dies
447 3311 587 3375 collectae
614 3321 774 3375 maturent.
806 3330 875 3374 uam
898 3314 924 3372 si
952 3313 987 3374 ad
1015 3313 1119 3375 horam
1138 3324 1175 3374 aa

26 3434 29 3443 ι
106 3398 248 3461 collectae
272 3400 394 3481 fuerint,
416 3420 536 3481 gravare
561 3401 666 3463 solent.

159 3527 231 3580 Bosa,
243 3527 375 3570 Anthimua.
891 3525 906 3572 2
