2482 4102
578 202 777 266 ,g-

176 367 288 428 labrica
318 365 424 427 domus
456 367 578 444 parietis
606 365 632 423 si
655 362 766 423 calcem
789 369 819 422 et
849 378 955 439 aquam
979 364 1045 440 quis
1072 371 1188 424 tantum

174 456 385 534 temperaverit
399 461 542 532 quantum
560 455 635 512 ratio
654 453 751 530 poscit
768 460 802 511 ut
821 451 915 528 spissa
935 452 973 510 sit
996 453 1059 529 ipsa
1075 453 1190 533 mixtio,

172 544 290 622 proiicit
319 544 349 602 in
380 541 504 620 fabrica,
537 548 567 601 et
596 547 692 620 tenet,
725 541 751 598 si
780 548 880 598 autem
904 541 974 598 satis
999 556 1074 616 aqua
1097 542 1187 600 missa

174 632 278 711 luerit,
304 629 378 690 nihil
400 630 531 710 prolicit,
561 630 604 688 sic
628 630 712 688 etin
736 625 810 686 cibis
833 625 880 686 vel
902 636 976 704 potu
999 630 1074 687 ratio
1098 628 1191 689 debet

138 729 154 778 5
174 721 302 799 agnosci.
325 736 396 798 ergo
417 726 447 778 et
466 719 543 778 sicut
562 716 798 795 supradiximus
820 718 915 794 prima
935 717 1044 776 sanitas
1058 735 1094 776 ex
1114 716 1191 778 cibis

174 806 250 867 bene
274 808 366 866 coctis
391 813 420 866 et
443 805 520 866 bene
543 806 666 883 digestis
689 812 813 864 constat.

240 913 307 954 nam
339 896 365 954 si
393 896 459 972 quis
488 893 578 953 dicat:
610 893 699 952 homo
732 893 763 951 in
786 891 974 971 expeditione
1003 894 1119 971 positus
1142 892 1189 953 vel

173 985 231 1042 iter
259 1001 348 1061 agens
377 980 499 1060 longum
523 981 671 1059 quomodo
701 988 800 1059 potest
824 999 855 1040 se
886 979 985 1040 taliter
1008 977 1191 1041 observare?

174 1080 205 1131 et
227 1089 281 1150 ego
313 1088 454 1149 suggero:
486 1068 537 1130 ubi
567 1070 652 1130 locus
675 1077 723 1128 est
744 1067 791 1128 vel
817 1075 901 1128 vacat
931 1086 1005 1146 quae
1035 1068 1188 1147 praedicta

122 1170 155 1219 10
174 1168 244 1219 sunt
273 1159 339 1219 lieri
362 1157 481 1218 debent.
527 1174 595 1216 nam
619 1159 644 1216 si
672 1158 835 1216 necessitas
859 1159 991 1234 exegerit
1014 1174 1120 1216 carnes
1142 1157 1189 1218 vel

174 1246 229 1306 alia
252 1245 391 1306 crudiora
414 1245 606 1324 manducare,
636 1263 696 1304 non
720 1245 755 1304 ad
779 1247 961 1304 nimietatem
985 1245 1037 1304 sed
1059 1247 1189 1323 parcius.

174 1334 226 1395 sed
256 1334 327 1412 quid
356 1333 437 1414 plus,
470 1336 609 1412 quoniam
632 1332 821 1411 abantiquis
851 1333 963 1393 dictum
992 1341 1039 1392 est
1067 1335 1189 1412 „omnia

174 1424 264 1482 nimia
287 1416 421 1482 nocent“.
446 1439 513 1505 nam
538 1422 626 1482 etde
649 1428 732 1502 potn,
756 1423 781 1481 si
805 1422 871 1498 quis
890 1419 1088 1481 caballicando
1109 1424 1189 1481 etin

173 1508 274 1570 labore
304 1509 471 1570 festinando
495 1509 621 1588 amplius
647 1516 752 1589 potum
779 1511 1029 1589 praesumpserit,
1059 1527 1188 1570 commo·

122 1609 154 1658 15
174 1598 270 1658 vendo
294 1615 325 1658 se
349 1600 381 1657 in
400 1615 477 1676 equo
491 1597 655 1677 vexabitur,
679 1608 709 1658 et
731 1599 761 1657 in
777 1606 880 1658 ventre
903 1599 1005 1676 peiora
1023 1607 1191 1659 nascuntur

174 1704 261 1766 quam
285 1687 321 1746 de
345 1686 427 1746 cibis.

240 1774 305 1835 sed·
324 1775 404 1834 forte
431 1773 540 1834 dicitur
568 1774 653 1834 mihi:
686 1791 778 1852 quare
806 1783 911 1852 gentes
934 1774 1006 1835 aliae
1030 1773 1189 1835 crudiores

174 1880 279 1923 carnes
302 1862 481 1922 manducant
500 1869 530 1922 et
549 1859 797 1943 sanguinolentas,
821 1870 851 1922 et
871 1864 935 1922 sani
957 1859 1049 1923 sunt?
1072 1872 1102 1922 et
1118 1862 1189 1925 licet

174 1968 229 2011 nec
252 1950 294 2010 illi
318 1951 437 2010 omnino
462 1951 526 2010 sani
548 1951 617 2031 sint,
641 1951 709 2028 quia
732 1951 789 2029 ipsi
806 1949 869 2011 sibi
890 1951 1051 2011 medicinas
1075 1950 1190 2012 faciunt

120 2050 155 2100 20
175 2071 217 2082 —
241 2056 309 2098 cum
332 2038 407 2098 male
431 2037 488 2098 sibi
507 2040 665 2120 senserint,
688 2038 821 2099 ustnlant
839 2056 871 2099 se
895 2039 961 2099 loco
984 2041 1016 2099 in
1035 2039 1190 2100 stomacho

173 2135 204 2188 et
226 2135 330 2187 ventre
354 2136 384 2186 et
406 2144 461 2205 per
484 2125 539 2185 alia
568 2125 646 2207 loca,
675 2127 824 2204 quomodo
848 2126 952 2187 caballi
975 2128 1080 2187 furiosi
1103 2137 1187 2188 ustu-

173 2214 272 2276 lantur
285 2247 329 2258 —
343 2224 443 2275 tamen
466 2223 496 2274 et
519 2215 588 2274 inde
612 2213 704 2274 reddo
728 2217 882 2274 rationem.
904 2214 947 2274 illi
970 2233 1063 2275 unum
1087 2214 1187 2277 cibum

173 2301 366 2383 manducant,
389 2304 467 2363 sicut
489 2301 560 2381 lupi.
584 2320 650 2362 nam
675 2320 734 2362 non
756 2302 880 2383 multos,
904 2305 972 2381 quia
996 2322 1055 2363 non
1078 2303 1189 2366 habent

176 2393 233 2451 nisi
258 2409 363 2450 carnes
386 2399 417 2450 et
438 2389 530 2450 lactes
554 2389 692 2470 etipsud
717 2391 796 2468 quod
819 2389 978 2451 habuerint
1000 2391 1189 2453 manducant.

125 2489 158 2540 25
178 2488 208 2539 et
231 2479 370 2539 ridentur
392 2495 458 2538 esse
483 2480 547 2537 sani
570 2478 605 2538 de
628 2481 777 2557 paucitate
800 2478 943 2539 ciborum.
989 2497 1127 2540 necnon
1151 2481 1189 2542 de

175 2575 248 2646 potu
272 2575 319 2627 est
341 2566 459 2644 quando
486 2565 609 2646 habent,
639 2575 685 2627 est
708 2567 942 2646 quandolongo
965 2576 1098 2646 tempore
1127 2587 1188 2629 non

176 2654 293 2715 habent.
317 2662 348 2714 et
369 2656 503 2733 paucitas
526 2656 590 2732 ipsa
612 2655 729 2715 videtur
752 2658 824 2734 ipsis
848 2657 1001 2716 sanitatem
1025 2665 1188 2734 praestare.

176 2760 244 2803 nam
267 2760 322 2803 nos
346 2744 397 2819 qui
421 2741 545 2802 diversis
569 2742 643 2802 cibis
666 2751 697 2803 et
724 2743 849 2804 diversis
872 2742 985 2804 deliciis
1009 2753 1039 2804 et
1062 2744 1189 2805 diversis

114 2905 117 2914 1
174 2829 289 2909 poculis
305 2848 359 2889 nos
374 2831 517 2910 angimus,
536 2848 659 2892 necesse
672 2832 816 2892 habemns
830 2850 885 2892 nos
903 2830 1069 2910 gubernare
1088 2822 1192 2893 taliter'

120 2931 154 2980 30
175 2927 283 2978 utnon
297 2937 353 2997 pro
367 2919 519 2977 nimietate
535 2918 736 3001 adgravemur,
756 2920 807 2980 sed
821 2922 914 2998 magis
932 2922 1051 2999 parcius
1066 2931 1189 2999 agentes

174 3009 329 3066 sanitatem
344 3005 539 3066 obtineamus.
563 3009 588 3066 si
611 3010 678 3086 quis
702 3025 772 3068 vero
796 3006 959 3069 delectatus
981 3009 1073 3068 luerit
1087 3007 1188 3069 cibum

173 3095 409 3173 qualemcunque
424 3095 611 3175 manducare,
631 3097 732 3156 sedin
751 3098 847 3175 primo
866 3095 942 3156 bene
961 3097 1072 3156 lactum
1086 3096 1187 3157 oibum

172 3190 355 3264 praesumat,
383 3190 413 3243 et
441 3182 477 3242 de
500 3183 565 3244 aliis
588 3183 679 3244 rebus
706 3187 825 3263 parcius
848 3187 889 3246 ita
912 3193 946 3245 ut
972 3185 1107 3245 lucretur
1129 3185 1188 3245 hoo

173 3271 252 3348 quod
275 3273 404 3350 primum
419 3273 533 3350 accepit
552 3280 583 3331 et
605 3271 681 3332 bene
705 3272 826 3351 digerat.
849 3279 1008 3352 propterea
1029 3272 1189 3351 diligenter

120 3370 154 3419 ³5
175 3367 291 3419 constat
327 3358 485 3419 observare
523 3375 598 3437 quae
631 3378 646 3419 a
674 3359 760 3419 nobis
798 3369 935 3439 suggesta
971 3367 1042 3421 sunt
1077 3359 1188 3421 auxilio

174 3445 289 3507 divinae
331 3449 493 3507 maiestatis
534 3455 565 3507 et
606 3446 718 3508 domini
759 3451 854 3509 nostri
894 3448 965 3509 Jesu
1003 3447 1126 3529 Christi,
1170 3467 1187 3509 a
