2482 4102
544 178 761 244 „18-

121 338 127 349 '
212 319 300 405 alium
319 342 431 403 bonum
446 350 500 422 est,
523 350 555 402 et
577 341 751 420 flegmaticis
770 341 816 401 vel
834 342 885 419 qui
904 338 1089 401 stomachum
1108 340 1160 400 iri·

144 434 246 512 gidum
270 431 389 492 babent.
431 433 515 491 etin
538 432 583 489 via
606 429 693 509 longa
716 431 842 489 maxime
865 428 978 490 bonum
997 436 1052 488 est.
1089 428 1160 489 lacit

144 524 233 582 etiarn
257 521 293 580 ad
316 537 407 598 aquas
430 519 570 579 diversas.
612 520 664 596 qui
687 526 786 578 autem
800 520 922 578 vitiosos
937 534 1025 577 renes
1039 516 1160 599 babent,

144 611 265 689 parcius
287 616 419 669 utantur.

108 709 126 758 a
215 715 305 775 cepae
327 697 505 757 humoresae
529 703 608 775 sunt,
630 694 794 754 ascaloniae
817 704 888 753 ver‘o
912 694 1059 754 meliores.

213 785 255 846 lle
270 782 517 867 leguminibus
531 802 601 843 vcro
617 786 726 843 tisanas
741 800 816 861 quae
831 782 868 842 de
883 782 996 842 hordeo
1014 782 1089 843 ilum
1109 784 1161 862 qui
1174 795 1211 850 64

149 877 206 934 scit
237 875 350 954 lacere,
383 871 477 932 bonae
505 879 577 932 sunt
604 879 635 931 et
665 873 744 931 sanis
772 879 803 931 et
832 869 1079 931 febricitantibus.
1126 871 1159 931 fit

142 964 231 1022 etiam
255 961 427 1022 dehordeo
451 959 677 1041 opusbonurn,
708 958 787 1038 quod
815 977 870 1019 nos
897 976 1002 1037 graece
1031 958 1159 1020 dicimus

143 1050 235 1131 allita,
265 1049 354 1110 latine
379 1067 448 1109 vero
479 1048 642 1128 polentam,
672 1047 759 1109 Gothi
787 1066 857 1107 vcro
881 1046 1035 1108 barbarice
1063 1047 1159 1128 lenea,

89 1154 123 1204 10
142 1157 282 1218 magnum
304 1138 470 1198 remedium
503 1154 572 1196 curn
600 1138 668 1196 vino
696 1135 791 1196 calido
814 1144 1020 1214 temperatum.
1066 1136 1157 1217 etde

142 1229 206 1305 ipsa
234 1244 266 1286 re
296 1224 412 1286 coclear
443 1224 566 1303 plenum
597 1233 628 1284 et
660 1225 702 1284 sic
735 1224 897 1284 admixtum
929 1223 1005 1283 bene
1036 1222 1159 1285 bibatur

140 1314 297 1394 paulatim,
329 1320 360 1373 et
392 1315 472 1373 iuvat
505 1315 577 1372 satis
610 1312 795 1372 stomachum
822 1311 971 1372 delectum
1000 1320 1030 1372 et
1052 1314 1158 1390 pascit⁷

140 1403 211 1462 lacit
234 1409 334 1462 autem
357 1409 387 1461 et
411 1400 447 1461 ad
470 1400 667 1461 disentericos
690 1400 816 1460 mirifice
839 1418 907 1461 oum
931 1403 1000 1460 vino
1014 1418 1090 1478 puro
1108 1419 1156 1461 ca·

139 1488 262 1570 lelacto,
292 1499 322 1549 et
351 1491 394 1550 sic
417 1488 580 1549 admixtum
611 1487 727 1548 coclear
757 1506 851 1550 tinum
874 1496 905 1548 ct
927 1487 1004 1548 bene
1026 1491 1155 1549 mixtum

88 1594 122 1643 15
141 1580 264 1638 ieiunus
289 1577 469 1656 accipiatvel
493 1587 581 1637 nocte
605 1584 673 1656 post
686 1577 836 1655 pullorum
852 1585 957 1637 cantus
971 1576 1017 1636 vel
1032 1578 1151 1654 quando

141 1666 305 1727 delectatus
330 1666 408 1726 lueri
431 1666 578 1746 infirmus,
601 1668 642 1725 ita
664 1674 700 1726 ut
723 1683 792 1725 cum
815 1665 872 1725 boc
887 1667 1045 1745 acceperit,
1059 1665 1152 1726 alium

139 1753 239 1816 cibum
272 1756 415 1814 continuo
440 1772 500 1813 non
533 1755 659 1833 accipiat
690 1771 786 1831 usque
817 1752 887 1813 dum
918 1753 998 1813 istud
1027 1754 1151 1832 digerat.

138 1842 267 1902 solemus
290 1842 361 1902 dare
384 1842 421 1902 de
453 1842 509 1902 boc
531 1845 597 1920 ipso
621 1840 858 1901 febricitantibus
882 1859 950 1902 cum
977 1858 1052 1920 aqua
1079 1861 1155 1921 pura

137 1931 251 2010 tepida,
274 1948 334 1990 non
358 1933 487 2009 spissum
512 1930 564 1990 sed
587 1948 689 1989 rarum
712 1930 832 1990 lactum.
867 1931 1006 1990 convenit
1028 1948 1100 2008 ergo
1124 1940 1155 1991 et

84 2035 118 2085 oo
136 2020 169 2078 in
187 2025 323 2097 tempore
346 2020 527 2079 ieiuniorum
550 2020 582 2078 in
605 2017 830 2096 quadragesima
853 2020 988 2096 accipere
1012 2016 1069 2078 hoc
1092 2021 1153 2097 pri·

136 2107 227 2167 imtus
251 2125 319 2168 cum
343 2105 438 2188 calda,
469 2109 538 2185 quia
561 2114 591 2166 ct
614 2107 762 2167 confortat
785 2106 971 2166 stomachum
993 2115 1024 2167 et
1046 2109 1151 2185 pascit.

83 2256 88 2270 ,
166 2200 170 2208 ’
203 2194 269 2254 laba
292 2213 362 2254 vcro
386 2197 502 2273 integra
521 2202 605 2255 cocta
634 2194 724 2275 bene,
752 2202 783 2254 et
804 2196 836 2254 in
859 2193 996 2274 iuscello,
1028 2204 1058 2254 et
1086 2195 1152 2255 oleo
1168 2199 1207 2255 65

137 2283 255 2344 condita
278 2281 325 2342 vel
347 2283 417 2363 sale,
439 2283 546 2344 melius
570 2300 701 2361 congrua
721 2291 767 2343 est
790 2300 878 2360 quam
904 2281 952 2341 illa
975 2280 1042 2342 laba
1064 2283 1153 2364 lrcsa,

136 2373 204 2448 quia
227 2378 329 2450 gravat
352 2372 547 2431 stomachum.

82 2476 116 2526 25
203 2461 283 2519 cicer
305 2476 376 2518 vero
400 2460 426 2519 si
449 2457 524 2519 bene
553 2460 669 2518 coxeris
699 2467 732 2519 ut
759 2460 879 2518 omnino
902 2457 1047 2536 liquescat
1074 2430 1209 2573 ⁰⁰⁰1&

135 2545 231 2607 ditum
253 2546 319 2607 oleo
343 2555 373 2606 ct
396 2546 456 2607 sale
481 2546 592 2607 bonum
611 2554 665 2626 est,
680 2548 768 2606 etiam
788 2554 818 2606 ct
831 2546 955 2607 renibus
969 2565 1143 2625 congruum.

134 2637 160 2694 si
185 2642 284 2695 autem
307 2634 464 2695 crudivum
482 2635 585 2714 luerit,
605 2637 725 2713 penitus
747 2653 803 2695 nec
832 2637 912 2695 sanis
935 2635 1045 2695 suadeo
1069 2654 1148 2716 com·

134 2722 242 2804 edere,
287 2723 355 2800 quia
390 2722 460 2783 lacit
495 2722 663 2783 inflationes
697 2725 885 2802 gravissimas
919 2732 950 2783 et
985 2722 1148 2802 indigeries

134 2809 224 2870 malas
248 2817 279 2870 et
301 2810 501 2889 corruptelam
525 2813 647 2871 ventris.

79 2918 114 2967 30
199 2897 340 2958 lenticula
362 2917 432 2959 vero
461 2907 491 2959 et
521 2901 585 2978 ipsa
607 2899 684 2960 bona
714 2900 806 2961 lavata
839 2908 870 2959 et
900 2899 977 2960 benc
1010 2899 1085 2960 elixa
1117 2901 1149 2960 in
1166 2907 1206 2964 d?

133 3003 207 3064 aqua
231 3005 315 3067 pura,
338 2989 379 3048 ita
402 2996 436 3048 ut
458 2987 507 3047 illa
529 2989 625 3066 prima
649 2988 730 3048 calda
753 2987 903 3068 fundatur,
927 2996 958 3048 et
987 2987 1042 3048 alia
1066 2987 1149 3048 calda

131 3076 222 3135 missa
245 3093 313 3135 cum
343 3078 470 3158 ratione,
503 3094 563 3136 non
587 3079 672 3158 satis,
705 3084 735 3137 et
765 3078 807 3136 sic
836 3082 982 3154 coquatur
1010 3076 1090 3136 lente
1117 3077 1150 3135 in

132 3162 323 3244 carbonibus,
345 3166 387 3224 ita
410 3173 444 3225 ut
463 3183 531 3226 cum
555 3171 639 3224 cocta
662 3166 762 3246 luerit,
785 3173 902 3225 acetum
916 3165 1066 3225 modicum
1080 3166 1148 3224 mit·

62 3290 65 3297 -
131 3257 212 3311 tatur
235 3269 290 3330 pro
315 3271 429 3333 sapore.
466 3262 497 3314 et
519 3252 644 3313 addatur
666 3251 708 3313 ibi
731 3254 847 3333 species
870 3252 919 3312 illa
942 3271 1018 3330 quae
1037 3253 1149 3313 dicitur

75 3359 111 3408 35
131 3357 184 3400 rus
208 3341 356 3418 syriacus,
385 3341 508 3420 pulvere
538 3341 616 3400 lacto
644 3349 788 3419 qnantum
812 3340 927 3401 coclear
949 3340 1085 3421 plenum,
1118 3348 1150 3400 et

131 3437 289 3507 spargatur
308 3447 399 3509 super
421 3429 591 3490 lenticulam
614 3427 685 3490 dum
704 3431 735 3489 in
754 3430 820 3488 loco
835 3436 890 3509 est,
912 3436 941 3489 et
956 3431 1149 3490 commiscea-
