2482 4102
466 167 681 232 -19-

64 341 115 392 tur
137 329 223 391 benc.
256 330 377 392 tollatur
400 331 436 391 de
460 331 526 391 loco
550 339 581 392 et
601 329 805 391 manducetur.
847 339 946 390 tamen
962 338 1080 409 oportet

62 438 119 500 pro
152 437 258 499 sapore
291 419 389 480 oleum
421 420 576 500 gremiale,
617 419 688 479 dum
721 421 859 498 coquitur
887 421 917 479 in
949 419 1079 479 secunda

62 525 148 589 aqua,
170 510 259 588 mitti,
282 507 398 568 coclear
420 508 533 569 bonum
555 507 685 588 plenum,
709 517 739 568 et
763 507 953 567 coriandrum
981 525 1076 568 rutrum

62 605 117 657 aut
139 596 199 657 duo
223 614 292 657 cum
310 596 460 657 radicibus
480 599 553 677 suis,
576 614 636 656 nou
650 598 830 656 minutatum
850 595 903 657 sed
917 599 1078 678 integrum,

63 693 95 746 et
110 685 268 746 modicum
290 684 329 745 de
352 684 412 744 sale
434 703 490 764 pro
514 702 619 763 sapore
643 685 786 744 iaciendo.
1096 691 1112 739 5

10 781 46 836 bv
132 773 269 834 fasiolum
292 773 403 833 bonurn
428 783 482 852 est,
505 775 593 833 etiam
623 774 735 832 siccum
763 780 796 832 ut
823 771 900 832 bene
924 783 1077 852 coquatur.

10 869 47 926 111
132 863 210 922 oriza
234 864 313 923 enirn
337 863 452 940 etipsa
476 861 552 921 bene
580 869 664 920 cocta
692 861 775 922 lacit:
807 877 875 920 nam
903 862 928 920 si
957 861 1078 920 crudior

61 949 155 1010 merit
178 957 274 1011 nocet.
316 950 387 1010 lacit
409 952 489 1010 euim
513 951 592 1009 oriza
615 948 699 1008 etad
719 948 925 1030 discutericos‚
948 957 981 1009 ut
999 949 1075 1009 beno

62 1046 210 1117 coquatur
232 1046 263 1098 et
286 1040 330 1099 sic
353 1037 533 1105 comedatur.
576 1039 664 1097 etiam
688 1045 718 1097 et
741 1037 816 1097 elixa
839 1039 870 1096 iu
893 1055 968 1116 pura
991 1054 1077 1117 aqua,

60 1129 103 1187 ita
126 1136 161 1187 ut
183 1126 301 1205 quando
324 1127 429 1205 incipit
451 1125 527 1186 bene
552 1128 654 1207 coqui,
681 1143 757 1204 aqua
779 1125 829 1185 illa
852 1124 1018 1208 excolatur,
1047 1133 1078 1186 et
1097 1131 1130 1181 10

61 1217 105 1276 sic
129 1217 287 1276 mittantur
316 1214 408 1274 lactes
432 1216 558 1295 caprini,
582 1221 612 1274 et
634 1222 763 1293 ponatur
781 1213 842 1274 olla
865 1217 896 1273 in
921 1214 1075 1295 carbones,

60 1311 91 1364 et
115 1311 261 1382 coquatur
284 1302 363 1363 lente
391 1310 425 1363 ut
453 1321 547 1363 unum
570 1320 680 1382 corpus
704 1302 857 1363 deveniat:
889 1305 929 1362 ita
952 1312 986 1363 ut
1010 1305 1074 1363 siue

60 1390 121 1452 sale
145 1399 176 1451 et
199 1391 265 1451 oleo
288 1389 461 1452 comedatur
484 1391 585 1471 calida,
609 1409 669 1451 uon
693 1391 807 1471 frigida.

9 1487 43 1542 11
128 1478 244 1540 milium
267 1497 337 1539 vero
360 1478 406 1539 vel
424 1481 563 1558 panicum
579 1481 675 1558 ipsam
689 1481 834 1540 rationem
847 1496 941 1558 prope
956 1479 1075 1561 habent,

59 1566 210 1646 quomodo
233 1574 263 1628 et
286 1567 323 1627 de
346 1569 425 1627 oriza
449 1568 633 1648 dictavimus,
660 1570 785 1628 maxime
809 1567 846 1628 ad
870 1567 1128 1630 disentericos.15

59 1666 89 1717 et
113 1655 228 1716 milium
256 1657 288 1715 in
316 1655 398 1716 calda
424 1673 499 1734 pura
526 1658 624 1735 primo
651 1656 865 1736 praeduretur,
898 1664 928 1716 et
956 1656 1073 1734 quando

56 1745 164 1823 incipit
187 1744 324 1822 frangere
348 1761 487 1825 granum,
518 1753 663 1822 coquatur
691 1747 722 1804 in
751 1762 826 1823 aqua
854 1752 885 1804 et
912 1746 955 1804 sic
983 1745 1075 1804 lactes

58 1833 174 1911 caprini
196 1833 368 1912 mittantur,
400 1839 429 1892 et
460 1834 503 1892 sic
533 1841 700 1911 coquantur
729 1832 824 1907 lente,
857 1833 1005 1911 quomodo
1037 1832 1075 1892 de

57 1922 138 1980 oriza
161 1920 298 1980 diximus.

10 2015 43 2071 74
126 2008 242 2087 reliqua
264 2009 413 2089 legumina
435 2010 462 2069 si
485 2011 598 2071 coctiva
617 2010 730 2069 luerint
747 2007 865 2087 quaudo
885 2026 1008 2069 necesse
1027 2015 1074 2068 est
1094 2012 1128 2061 20

57 2095 205 2158 comedes.
252 2115 319 2156 nam
344 2098 370 2157 si
387 2096 522 2178 crudire,
550 2099 621 2157 satis
644 2098 817 2175 gravissime
841 2106 958 2158 nocent.
1005 2114 1074 2157 nam

56 2183 123 2245 laba
147 2185 253 2266 tracta,
283 2193 316 2245 ut
343 2187 482 2264 superius
510 2184 652 2264 diximus,
682 2192 783 2264 gravat
810 2187 890 2245 satis.

10 2281 42 2338 15
124 2272 166 2333 De
181 2272 342 2334 lactibus
356 2291 437 2353 vero,
450 2275 476 2333 si
486 2273 683 2353 disentericis,
697 2275 843 2352 caprinos.
858 2274 910 2351 qui
919 2273 994 2332 dicut
1005 2290 1074 2331 cum

54 2361 298 2440 petrisrotuudis
312 2360 509 2422 candentibus
524 2364 555 2421 in
570 2363 636 2423 loco
647 2370 677 2422 et
691 2363 734 2421 sic
749 2363 847 2422 missis
863 2363 894 2421 in
909 2360 994 2442 lacte,
1009 2361 1073 2420 sine

55 2449 132 2509 loco.
179 2467 248 2510 cunr
271 2448 416 2530 bullierit,
449 2448 506 2510 illis
530 2451 636 2510 cotulis
660 2449 797 2531 sublatis,
827 2450 863 2510 de
886 2467 962 2528 pane
987 2456 1072 2509 cocto
1093 2451 1126 2501 25

55 2536 183 2598 candido
208 2546 238 2598 et
260 2537 337 2598 bene
360 2538 538 2598 sermentato
561 2537 693 2599 bucellas
716 2537 867 2618 capulatas
890 2546 920 2598 et
943 2539 1073 2597 minutas

55 2626 87 2685 in
111 2627 177 2704 ipso
200 2625 275 2687 lacte
300 2627 405 2686 missas
432 2627 462 2685 iu
492 2625 671 2688 carbonibus
694 2626 773 2687 lente
802 2644 925 2707 coquas,
954 2628 985 2685 iu
1016 2623 1072 2684 olla

56 2721 167 2789 tamon,
190 2731 258 2774 nam
281 2723 340 2774 nou
365 2715 523 2774 aeramine.
565 2722 595 2774 et
618 2716 661 2774 sic
680 2732 748 2775 cum
766 2713 912 2788 bullierit,
940 2713 1072 2774 bucellas

55 2803 130 2862 istas
153 2810 278 2884 post<ea
293 2810 383 2884 curu>
401 2801 567 2863 infuderint
580 2821 648 2863 cum
663 2803 790 2864 cocleari
809 2803 997 2863 manducent.
1029 2804 1072 2862 sie

53 2888 161 2950 melius
185 2890 313 2972 expedit,
337 2892 406 2968 quia
429 2889 514 2950 cibus
536 2893 593 2951 iste
616 2894 719 2970 pascit.
750 2893 862 2952 namsi
885 2892 954 2970 puri
977 2890 1071 2951 lactes
1090 2891 1125 2941 30

55 2979 115 3057 ipsi
131 2976 218 3038 bibiti
241 2979 362 3059 luerint,
381 2985 483 3038 contra
506 2987 672 3057 pcrexeuut
685 2986 715 3039 et
729 2982 776 3039 vix
793 2986 872 3040 stant
890 2980 921 3037 iu
936 2995 1071 3056 corpore.
1111 3049 1115 3055 Ι

10 3056 37 3112 16
120 3065 157 3126 de
180 3066 306 3127 lactibus
329 3084 400 3127 vero
423 3068 503 3126 sanis
526 3066 706 3148 bominibus,
729 3069 754 3126 si
769 3068 836 3145 quis
851 3065 960 3126 crudos
974 3065 1068 3126 lactes

50 3153 114 3215 vult
136 3153 250 3236 bibere,
273 3155 332 3215 mel
354 3154 482 3215 habeant
504 3156 666 3216 admixtum
689 3154 735 3214 vel
749 3157 850 3214 vinum
864 3161 915 3214 aut
934 3152 1065 3215 medum.

51 3250 81 3302 et
105 3244 214 3303 sinon
238 3244 330 3303 luerit
352 3242 463 3321 aliquid
487 3243 523 3304 dc
548 3246 613 3304 istis
632 3241 756 3323 poculis,
780 3240 840 3302 sale
855 3244 990 3302 mittatur
1005 3261 1068 3302 ruo·

49 3330 164 3412 dicum,
197 3338 228 3392 ct
255 3348 316 3392 nou
344 3329 517 3409 coagulatur
549 3334 629 3392 intus
659 3335 689 3392 in
719 3330 898 3391 bominibus.
946 3349 1014 3391 nam
1043 3332 1068 3391 si
1089 3332 1122 3382 et

48 3437 160 3498 purum
184 3429 339 3499 acceptum
363 3420 462 3501 luerit,
486 3419 634 3498 aliquibus
653 3418 825 3498 coagulatur
839 3422 920 3480 intus
934 3422 965 3479 in
979 3424 1066 3499 epate

814 3523 851 3574 2*
