2482 4102
513 167 728 231 „21-

113 330 157 390 sic
188 328 316 389 devenit
363 329 501 390 similiter
523 336 554 389 et
583 338 714 389 assatum
745 329 826 388 intus
858 329 1026 406 ingressum
1054 324 1126 406 quid

113 425 214 498 potest
235 416 380 496 prodesse
402 419 460 477 nisi
483 416 596 496 lapides
617 434 710 496 puros
733 418 917 495 ingenerare.

57 525 97 582 gg
181 505 277 566 simila
295 523 366 565 vern
385 514 415 566 et
439 507 502 585 ipsa
525 507 631 586 gravis,
654 507 742 566 etiam
762 507 849 565 sanis.
872 522 928 583 pro
949 506 1126 565 necessitate

112 592 293 655 disenteriae
316 595 368 672 qui
391 596 565 673 sanguinem
592 593 762 673 producunt
785 592 866 653 utilis
894 593 944 652 liat
970 595 1011 652 ita
1034 601 1068 653 ut
1095 595 1127 652 in

111 681 241 743 lactibus
255 684 385 761 caprinis
400 691 546 760 coquatur
568 685 599 741 in
621 681 808 741 carbonibus.
832 681 981 760 quomodo
993 679 1126 742 butirum
1145 690 1162 741 t

113 772 157 831 sic
179 771 239 831 liet.

56 871 98 928 ες
181 857 224 918 lle
246 876 431 938 pomorum
455 860 568 919 ratione
584 860 691 918 citonia
715 857 801 938 bona,
824 865 855 917 et
872 859 983 936 optima
1001 860 1127 917 maxime

113 946 303 1007 disentericis
326 949 378 1025 qui
406 946 493 1026 longo
521 954 655 1026 tempure
679 948 852 1026 sanguinem
881 946 1041 1025 deponunt.
1087 948 1127 1005 ita
1177 1010 1181 1016 ,

113 1037 209 1096 incisa
230 1037 262 1095 in
281 1053 371 1096 cruce
390 1035 538 1096 elixentur
560 1034 637 1095 bene
660 1037 692 1095 in
711 1052 780 1094 vaso
803 1034 885 1094 fictili
908 1036 939 1093 in
958 1051 1034 1112 aqua
1051 1052 1126 1112 pura

115 1123 205 1204 dulci,
227 1134 258 1184 et
280 1126 323 1184 sic
346 1124 573 1184 manducentur.
601 1131 632 1184 et
654 1123 748 1204 aliter,
771 1141 836 1183 assa
859 1125 884 1182 si
908 1120 983 1182 bene
1007 1121 1063 1182 sub
1087 1123 1126 1183 ci·
1147 1135 1181 1184 10

112 1230 186 1272 uere
209 1211 321 1272 diutius
345 1212 465 1273 luerint.

57 1313 98 1369 84
182 1299 257 1360 mela
284 1299 361 1360 bene
389 1310 504 1361 matura
533 1302 564 1360 in
588 1300 694 1360 arbore
718 1318 793 1378 quae
823 1299 920 1360 dulcia
949 1307 1019 1359 sunt
1049 1298 1126 1359 bnna

114 1397 194 1450 suut
222 1406 291 1448 nam
313 1388 362 1448 illa
385 1389 467 1449 acida
491 1407 551 1448 nnn
574 1398 644 1449 sunt
667 1407 806 1467 congrua.
837 1406 903 1448 nam
928 1388 1024 1447 dulcia
1048 1390 1127 1448 sanis

113 1485 145 1538 et
167 1477 302 1537 infirmis.
326 1485 356 1536 et
374 1479 438 1556 pira
457 1477 554 1537 dulcia
568 1485 598 1538 et
616 1476 692 1536 bene
710 1480 741 1537 in
761 1476 867 1536 arbore
887 1485 1032 1536 maturata
1050 1475 1126 1536 buna

113 1573 192 1626 suut
229 1582 298 1625 nam
322 1565 396 1625 dura
420 1574 450 1625 et
472 1566 555 1625 acida
578 1567 706 1643 graviter
729 1575 846 1625 nocent.
1146 1577 1180 1627 15

57 1667 96 1724 85
179 1671 277 1732 pruna
291 1663 321 1713 et
343 1655 406 1732 ipsa
425 1662 570 1714 maturata
589 1653 665 1713 bene
680 1662 710 1714 et
728 1653 834 1733 dulcia,
857 1662 888 1712 et
905 1654 1021 1731 persica
1039 1651 1126 1713 dura·

112 1743 179 1801 cina
202 1743 323 1802 omnino
352 1743 383 1801 iu
407 1742 513 1802 arbore
537 1750 695 1821 maturata,
725 1740 770 1801 vel
794 1743 907 1801 cerasia
930 1748 982 1801 aut
1011 1740 1127 1801 diversa

112 1829 167 1889 alia
195 1847 305 1908 genera
332 1847 488 1909 pomorum
512 1832 537 1889 si
564 1832 596 1890 in
619 1830 725 1890 arbore
748 1838 894 1890 maturata
921 1830 1034 1889 suerint
1057 1847 1126 1889 con-

112 1936 187 1996 grua
215 1926 294 1978 sunt.
341 1920 365 1977 si
394 1926 492 1978 autern
516 1918 639 1978 collecta
667 1920 758 1978 cruda
782 1928 812 1978 et
839 1936 893 1996 per
921 1918 984 1978 dies
1012 1916 1126 1996 aliquos

113 2004 324 2086 admcllierint‚
352 2005 423 2066 illud
448 2007 483 2066 ad
510 2007 699 2085 putredinem
724 2015 943 2086 computamus,
971 2023 1038 2065 nam
1065 2023 1126 2065 nnn
1144 2020 1180 2070 20

111 2093 150 2154 ad
173 2095 383 2174 maturitatem,
406 2096 475 2173 quia
498 2094 568 2155 dum
588 2094 802 2155 manducantur
825 2094 961 2172 putridos
984 2093 1126 2154 humores

111 2183 194 2243 intus
217 2190 370 2261 generant.

55 2284 97 2340 so
180 2288 263 2330 mora
283 2272 343 2329 sive
362 2270 524 2330 domestica
538 2273 599 2331 sive
619 2270 747 2330 silvatica
767 2271 892 2329 maxime
907 2287 1038 2347 congrua
1057 2277 1127 2329 sunt

112 2360 193 2418 sanis
212 2368 243 2419 et
264 2358 399 2439 infirmis,
422 2367 453 2419 et
475 2360 539 2438 ipsa
558 2361 677 2418 omnino
697 2367 811 2418 matura
834 2360 865 2417 iu
884 2375 937 2418 sua
956 2357 1061 2418 arbore
1080 2356 1126 2417 vel

110 2444 251 2506 inruho.
1144 2461 1179 2511 25

55 2548 94 2604 επ
179 2534 254 2594 ficus
277 2532 372 2594 bonae
396 2545 475 2615 sunt,
498 2534 550 2595 sed
575 2543 605 2595 et
628 2538 708 2614 ipsae
733 2544 865 2595 maturae
889 2535 1018 2594 omnino.

56 2635 97 2691 88
180 2631 334 2683 castaneae
351 2621 444 2682 elixae
464 2621 539 2683 bene
559 2632 643 2703 aptae
662 2632 732 2684 sunt
750 2622 796 2683 vel
814 2640 906 2683 assae.
930 2640 998 2682 narn
1017 2620 1125 2682 crudae

111 2727 172 2770 nnn
196 2709 272 2771 bene
296 2710 481 2788 digeruntur.

57 2811 97 2867 8⁹
178 2797 325 2858 avellanae
357 2807 492 2880 gravant,
525 2800 550 2859 si
581 2801 612 2859 in
641 2799 738 2879 aliqua
766 2800 952 2861 coniectione
975 2817 1044 2859 cum
1071 2797 1125 2858 alia

111 2887 211 2965 specie
235 2888 425 2947 misceantur.
1145 2904 1180 2954 30

57 2987 97 3044 et)
178 2973 338 3053 amigdalae
362 2974 456 3035 bonae
481 2984 559 3037 sunt.
604 2985 759 3054 praeterea
783 2979 808 3036 si
831 2978 991 3036 amariores
1014 2975 1126 3035 inerint

10 3072 12 3077 '
110 3063 234 3141 epaticis
257 3080 405 3142 congruae
429 3072 509 3143 sunt,
531 3063 583 3123 sed
606 3066 638 3123 in
661 3066 760 3143 tepida
781 3067 896 3125 missae.
938 3069 1040 3122 cortex
1063 3065 1126 3141 ipsa

108 3157 257 3230 purgetur
275 3160 307 3212 et
329 3152 372 3211 sic
394 3151 620 3212 manducentur.
643 3154 714 3211 item
735 3160 765 3211 et
786 3151 942 3212 tribulatae
966 3149 1041 3211 bene
1061 3152 1126 3211 siue

109 3246 179 3298 cute
202 3240 235 3298 in
256 3238 344 3299 melle
368 3242 480 3318 optimo
503 3240 638 3319 pthisicis
662 3258 810 3318 congruae
835 3248 918 3319 stunt,
948 3239 994 3299 vel
1023 3242 1055 3300 in
1079 3257 1125 3300 ca·

108 3334 192 3387 tarro
216 3327 335 3406 quando
358 3329 464 3407 incipit
485 3336 643 3388 maturare.
1144 3345 1179 3395 35

57 3437 91 3494 91
175 3416 301 3494 pistacia
323 3433 394 3475 vern
418 3424 447 3476 et
469 3418 533 3495 ipsa
556 3415 633 3476 bona
657 3424 687 3476 et
709 3425 776 3494 apta
800 3425 877 3477 sunt.
