2482 4102
573 179 787 244 -20-

175 349 206 402 et
228 343 260 401 in
284 339 435 401 stomacho
458 349 490 400 et
512 340 588 400 solet
616 343 745 420 graviter
767 340 894 402 laedere.
940 343 966 402 si
992 349 1092 402 tamen
1116 360 1189 420 quo·

174 429 262 490 modo
285 429 444 509 mulgetur,
474 436 578 489 contra
601 428 729 490 calidum
751 429 878 490 bibitum
901 430 1001 510 tuerit,
1024 432 1067 490 sic
1090 429 1190 491 taliter

174 535 234 578 uon
259 525 355 578 nocetn
396 526 495 578 tamen
519 526 550 577 ct
571 518 680 598 ipsum,
703 521 728 578 si
746 519 908 578 admixtum
931 519 1023 578 suerit
1045 519 1103 578 mel
1127 537 1189 579 mo·

174 606 274 666 dicum
297 614 348 666 ant
367 608 477 685 vinnm,
500 604 606 666 melius
630 608 783 685 accipitur.
808 615 838 666 et
861 609 886 666 si
905 609 1021 667 cantius
1040 606 1103 668 malt
1121 609 1189 686 quis

139 695 283 774 sincere,
309 702 339 754 et
361 695 583 772 inpraesentia
606 713 660 754 sua
683 702 734 755 aut
756 713 843 755 vacca
867 703 918 755 aut
941 712 1029 774 capra
1052 699 1189 757 autoris

173 782 355 863 mulgeatur,
384 785 426 842 ita
458 790 565 843 utras
593 782 635 842 illi
663 781 752 843 fictile
776 785 815 843 sit
847 790 877 843 et
903 782 980 843 hene
1009 784 1190 864 excaldeurr,

174 879 208 931 ut
235 871 382 949 quomodo
412 870 562 949 mulgetur
595 889 654 931 non
687 871 882 950 refrigeretur
914 870 966 931 sed
994 871 1122 932 calidum
1146 872 1189 932 bi·

114 997 119 1005 ·
174 957 271 1020 batur.
294 968 449 1038 praeterea
469 968 499 1018 et
521 959 657 1037 pthisicis
680 962 723 1019 sic
747 960 865 1038 expedit
887 962 929 1020 ita
951 960 1022 1019 dum
1040 959 1117 1020 calet
1136 979 1189 1021 seu

173 1050 328 1109 vaccinum
348 1066 401 1108 seu
417 1048 571 1126 caprinum
590 1046 634 1107 lac
650 1050 675 1106 si
689 1047 823 1129 bibatur„
839 1056 869 1108 et
883 1050 982 1108 statim
1002 1051 1143 1127 supinum
1157 1067 1189 1108 se

122 1150 155 1200 10
173 1144 265 1215 ponat
287 1144 321 1196 nt
344 1135 456 1197 diutius
480 1138 560 1195 circa
583 1134 739 1213 pulmones
763 1145 905 1215 operetur
919 1153 988 1197 cum
1011 1136 1097 1197 melle
1115 1139 1189 1197 mix·

174 1233 238 1285 tum
262 1233 292 1285 31
315 1223 499 1285 calefactum.
523 1225 565 1283 sic
589 1223 695 1284 melius
718 1226 806 1284 iuvat.

242 1329 379 1390 similiter
402 1336 433 1388 et
462 1328 499 1388 de
528 1326 629 1388 butiro
653 1338 774 1389 recente
802 1332 829 1390 si
851 1333 1000 1409 acceperit
1028 1331 1184 1410 pthisicus.
1205 1341 1236 1397 tl

174 1419 227 1478 sed
250 1417 383 1477 butirum
406 1419 505 1496 ipsum
528 1434 583 1476 nec
607 1416 667 1477 sale
690 1420 810 1496 penitus
833 1436 893 1478 nou
916 1418 1030 1479 habeat.
1072 1422 1190 1480 namsi

173 1505 312 1566 hahuerit
335 1505 403 1587 salo,
426 1508 512 1584 peius
534 1507 719 1566 exterminat.
744 1508 769 1566 si
791 1524 868 1585 puro
892 1515 922 1567 et
944 1510 1059 1568 recenti
1081 1507 1190 1568 etmel

123 1610 155 1659 15
175 1594 324 1654 modicum
348 1595 510 1654 admixtum
534 1594 637 1675 luerit,
669 1596 712 1654 sic
735 1594 826 1673 lingat
854 1597 1067 1656 catamodicum
1086 1603 1116 1656 et
1140 1614 1189 1657 sn-

174 1684 278 1762 pinum
303 1701 334 1742 se
357 1689 455 1760 ponat.
501 1690 600 1742 tamen
625 1682 661 1742 de
683 1682 819 1760 pthisicis
842 1683 970 1743 didimus¹
994 1702 1060 1744 esse
1087 1693 1190 1763 aptum

175 1789 250 1850 qrros
274 1788 334 1831 non
357 1770 446 1849 longo
469 1778 603 1849 temporo
628 1769 791 1831 obtinuerit
813 1789 909 1832 causa.
947 1790 1015 1831 nam
1039 1775 1064 1832 si
1087 1771 1189 1832 vulne·

174 1867 257 1920 ratus
288 1860 381 1919 luerit
408 1858 510 1938 pulmo
535 1866 565 1918 et
587 1858 746 1936 purulenta
769 1869 922 1940 excreant,
952 1878 1008 1920 nec
1037 1860 1095 1920 illis
1119 1877 1190 1921 con-

174 1965 290 2026 gruum.

121 2070 155 2120 20
242 2053 361 2134 oxygala
394 2071 464 2114 vero
495 2070 600 2132 graece
637 2052 716 2131 quod
745 2052 836 2113 latine
869 2062 975 2114 vocant
1002 2053 1096 2114 melca
1133 2054 1190 2125 <id
1206 2067 1239 2123 78

174 2151 222 2202 est
244 2142 316 2214 lac>
339 2142 418 2221 quod
447 2142 619 2222 acetavcrit,
656 2149 793 2201 auctores
827 2141 931 2203 dicunt
953 2144 1032 2202 sanis
1062 2141 1189 2203 homini·

173 2230 231 2291 bns
250 2249 316 2291 esse
340 2238 451 2312 aptum,
474 2231 543 2308 quia
566 2246 626 2289 non
650 2228 823 2307 coagulatur
845 2231 877 2289 in
900 2237 1012 2290 ventre.
1036 2237 1136 2291 tamen
1160 2239 1191 2291 et

174 2318 262 2398 ipsud
285 2326 336 2379 aut
358 2318 446 2379 melle
470 2318 598 2379 admixto
622 2324 673 2376 aut
696 2316 814 2395 quando
844 2318 935 2378 luerit
958 2317 1023 2378 oleo
1047 2318 1189 2397 gremiali.

241 2461 370 2522 caseum,
388 2449 533 2520 quantum
551 2440 664 2519 dicunt,
686 2458 746 2499 non
765 2439 860 2500 solum
879 2441 1013 2502 infirmos
1032 2440 1084 2501 sed
1102 2460 1190 2502 sanos
1205 2456 1239 2512 tu

121 2547 155 2598 25
175 2538 289 2611 gravat,
312 2533 437 2590 maxime
462 2531 593 2607 epaticos
616 2526 662 2587 vel
685 2529 803 2588 renium
825 2531 895 2589 vitia
917 2528 1061 2590 habentes
1084 2539 1114 2591 et
1138 2532 1191 2608 qui

175 2616 331 2698 splenetici
350 2627 428 2699 sunt,
447 2619 516 2695 quia
531 2614 704 2694 coagulatur
722 2617 754 2677 in
768 2615 891 2679 renibus
906 2627 937 2678 ct
953 2617 1065 2697 lapides
1083 2618 1190 2678 exinde

174 2714 364 2785 generantur.

241 2830 362 2872 caseum
384 2829 455 2872 vero
485 2818 646 2870 recenset
676 2809 776 2890 dulce,
808 2811 888 2890 quod
918 2830 977 2872 non
1008 2814 1047 2872 sit
1070 2811 1191 2894 salsum,
1205 2827 1239 2882 so

175 2902 254 2960 senis
278 2918 444 2979 congruum
470 2907 525 2959 est.
570 2907 670 2958 tamen
698 2898 778 2978 quod
806 2902 926 2960 omnino
954 2918 1061 2961 recens
1089 2900 1191 2981 luerit,

121 3007 156 3056 ao
175 2989 206 3048 in
235 2987 322 3048 melle
354 2989 502 3067 intingere
533 2986 646 3047 bonum
677 2995 730 3047 est.
776 3006 897 3048 caseum
919 3007 989 3049 vero
1020 3007 1121 3050 assum
1144 2989 1239 3060 33181

177 3075 286 3136 elixum
310 3079 363 3156 qui
385 3076 619 3156 manducaverit,
649 3075 742 3135 altero
765 3094 880 3136 veneno
904 3095 979 3156 opus
1002 3095 1062 3137 non
1091 3076 1192 3158 habet,

177 3167 246 3243 quia
265 3172 404 3226 exsucata
427 3165 482 3225 alia
503 3164 683 3244 pinguedine
707 3162 819 3242 lapides
842 3168 911 3244 puri
930 3166 1109 3226 efficiuntur.
1138 3164 1191 3226 sed

176 3271 232 3313 nec
256 3252 375 3334 elixum,
398 3256 466 3332 quia
490 3254 597 3314 amissa
619 3253 800 3331 pinguedine
823 3253 959 3314 similiter
982 3262 1016 3314 ut
1040 3252 1115 3313 sales
1139 3254 1189 3314 de·

176 3342 265 3402 venit.
307 3360 376 3402 nam
398 3351 432 3404 ut
455 3342 557 3403 credat
580 3343 656 3422 quis,
678 3340 769 3402 elixet
791 3359 912 3402 caseum
934 3348 965 3402 et
987 3341 1071 3402 tollat
1094 3350 1124 3402 31
1148 3343 1190 3403 di·

122 3447 158 3499 35
176 3431 274 3490 mittat
295 3430 368 3492 illud
387 3432 567 3512 refrigerari,
590 3437 621 3490 31
638 3430 758 3489 omnino
778 3430 925 3509 quomodo
949 3430 1023 3509 lapis
1042 3437 1093 3491 aut
1114 3430 1191 3491 sales
